2376 3797
693 379 825 416 Studia
852 380 990 417 critica
1017 380 1057 416 in
1085 378 1282 425 Papinium
1310 378 1483 415 Statium.
1869 380 1919 415 45

283 488 460 531 Cleonoei
485 488 696 531 Molorchi
722 490 860 531 vineta
899 503 1021 543 quum
1053 490 1155 531 nihil
1185 490 1296 531 aliud
1327 490 1554 543 significare
1582 490 1741 541 possint
1768 491 1845 531 nisi
1860 491 1925 544 ip-

277 568 346 595 sas
389 554 578 603 Cleonas,
621 555 796 609 primum
838 555 881 596 in
922 555 1000 596 hoc
1041 555 1129 596 loco
1174 555 1404 596 mirandum
1440 554 1615 602 videtur,
1645 567 1726 607 qua
1751 556 1922 605 ratione,

276 632 378 674 quas
425 620 532 661 vires
563 620 724 663 Cleonae
761 621 959 671 miserint,
988 634 1059 663 eas
1087 634 1166 663 non
1195 621 1309 675 ipsae,
1338 621 1411 663 sed
1439 621 1598 661 Nemea
1626 620 1722 661 dare
1751 621 1921 663 dicatur.

277 685 379 734 Quae
407 685 491 728 una
519 687 739 741 explicatio
768 692 833 729 est
862 688 1037 730 Cleonas
1064 688 1306 730 Nemeensis
1334 687 1511 741 regionis
1539 691 1701 739 partem
1719 687 1923 729 Nemeen—

277 752 463 807 siumque
505 753 675 807 imperio
710 755 919 807 subjectas
948 755 1088 804 fuisse,
1118 768 1168 797 ea
1205 759 1315 796 certe
1343 768 1424 795 non
1454 753 1717 794 confirmatur
1743 752 1806 802 iis,
1836 767 1923 807 quae

276 818 328 860 de
356 818 421 860 his
449 819 548 861 locis
578 826 789 874 comperta
814 821 1026 871 habemus,
1055 822 1128 862 sed
1157 821 1287 874 magis
1316 820 1529 862 refellitur.
1573 818 1733 860 Deinde
1762 820 1925 860 comites

274 891 312 926 ct
353 885 484 926 vires.-
524 886 566 928 in
602 900 681 941 quo
710 893 748 929 et
775 887 1020 941 particulam
1047 887 1134 929 sive
1162 900 1235 942 pro
1264 887 1390 928 etiam
1418 885 1611 938 accipias,
1640 884 1756 925 nulla
1783 885 1825 925 in
1853 898 1924 925 su-

274 951 499 1004 perioribus
544 952 716 993 aliarum
758 954 998 994 Nemeensis
1034 954 1174 1006 populi
1203 953 1410 1006 copiarum
1440 952 1592 992 mentio
1621 952 1737 991 facta
1766 956 1842 999 est,
1872 953 1921 992 ad

274 1029 375 1071 quas
417 1017 481 1059 hae
523 1023 734 1073 tamquam
776 1032 890 1061 novoe
934 1020 1154 1061 accessisse
1197 1017 1400 1068 dicantur,
1437 1018 1523 1059 sive
1553 1016 1731 1058 addendi
1760 1017 1815 1066 vi,
1844 1030 1924 1058 non

272 1084 489 1136 copulandi
528 1090 768 1138 usurpatam
805 1084 1012 1138 putamus,
1044 1091 1090 1126 ut
1117 1090 1233 1126 recta
1260 1085 1468 1126 sententia
1496 1084 1665 1131 oriatur,
1694 1084 1924 1124 necessario

272 1149 518 1191 audiendum
561 1150 653 1199 erit,
696 1151 804 1204 quod
847 1151 978 1192 audiri
1020 1165 1099 1193 non
1142 1156 1300 1204 potest:
1332 1147 1430 1191 ”dat
1456 1150 1611 1191 Nemee
1640 1163 1739 1189 suas
1766 1148 1925 1190 incolas

273 1214 444 1257 comites
487 1212 553 1256 et”
596 1221 694 1258 cett.
752 1215 855 1263 Quae
896 1229 1019 1271 quum
1060 1217 1124 1258 ita
1165 1217 1262 1266 sint,
1291 1217 1419 1258 verba
1446 1222 1484 1257 et
1512 1229 1616 1271 quas
1644 1215 1804 1256 sincera
1832 1228 1922 1257 esse

272 1294 352 1323 non
392 1287 576 1334 possunt.
635 1281 745 1329 Quid
773 1287 912 1324 autem
941 1283 1272 1325 substituendum
1300 1283 1369 1332 sit,
1397 1283 1597 1323 incertum
1626 1281 1780 1331 habeo;
1809 1282 1921 1324 haud

270 1347 424 1389 absone
451 1352 590 1391 tamen
619 1349 684 1407 vel
714 1362 929 1405 (equusque
953 1349 1020 1391 vel
1048 1350 1292 1405 cunctasque
1318 1362 1506 1402 reponas.

378 1482 419 1511 v.
450 1469 542 1511 192.

528 1548 619 1590 Hoc
647 1561 789 1589 aurum
818 1548 905 1589 vati
934 1549 1026 1589 fata
1053 1548 1221 1590 exitiale
1249 1548 1472 1590 monebant

529 1623 742 1678 Argolico:
771 1625 852 1666 scit
879 1629 923 1666 et
948 1625 1037 1678 ipse
1065 1626 1197 1674 nefas,
1226 1625 1300 1667 sed
1327 1625 1484 1678 perfida
1513 1624 1660 1677 conjux

530 1702 651 1744 Dona
678 1702 764 1743 viro
794 1707 954 1744 mutare
981 1701 1097 1751 velit,
1126 1702 1348 1756 spoliisque
1376 1701 1557 1755 potentis

526 1779 720 1821 Imminet
748 1779 887 1834 Argiae
914 1784 1116 1834 raptoque
1146 1779 1344 1822 excellere
1373 1779 1498 1821 cultu.

268 1864 538 1910 Scribeudum
567 1872 653 1910 est:

789 1946 881 1988 Scit
908 1951 952 1988 et
979 1946 1076 2004 ipsa
1102 1947 1233 1995 nefaS,

266 2038 314 2074 ut
341 2032 470 2075 habet
498 2046 602 2075 unus
631 2035 732 2076 Beh.
763 2035 904 2084 codex,
935 2034 1050 2089 cujus
1077 2035 1145 2076 hic
1181 2034 1470 2076 auctoritatem
1499 2033 1650 2087 injuria
1677 2036 1921 2085 spreverunt

267 2099 456 2142 editores.
513 2101 621 2142 Nam
664 2101 963 2155 Amphiaraum
1008 2107 1051 2143 et
1077 2102 1226 2156 ipsum,
1257 2115 1347 2155 quae
1375 2101 1453 2142 sibi
1483 2114 1534 2142 ex
1563 2113 1661 2141 auro
1689 2099 1760 2139 illo
1789 2098 1919 2151 pestis

264 2165 508 2215 immineret,
538 2167 744 2221 cognitum
771 2167 967 2208 habuisse
995 2167 1097 2208 nihil
1126 2168 1335 2208 attinebat
1353 2168 1499 2215 dicere,
1517 2178 1640 2220 quum
1655 2165 1697 2205 id
1713 2164 1919 2217 superiore

260 2232 349 2283 jam
391 2245 513 2273 versu
556 2233 659 2274 satis
695 2235 948 2275 declaratum
978 2239 1101 2275 esset.
1159 2235 1315 2276 Contra
1341 2234 1566 2287 Eriphylen
1593 2232 1761 2272 scivisse
1789 2243 1920 2283 neque

267 2301 394 2339 antea
435 2297 589 2340 dictum
634 2304 724 2340 erat
760 2304 804 2341 et
825 2300 914 2353 jam
943 2299 1172 2342 necessario
1201 2299 1437 2341 dicendum:
1468 2302 1555 2347 aut,
1584 2297 1782 2351 quomodo
1812 2296 1920 2336 dona

267 2363 355 2405 viro
383 2368 568 2406 mutasse
597 2365 813 2415 diceretur,
844 2379 963 2407 nemo
991 2366 1253 2420 intelligeret.

376 2489 416 2517 v·
445 2476 540 2518 352.

528 2553 690 2607 Dejecti
719 2554 904 2608 trepidas
932 2555 1020 2597 sine
1049 2560 1199 2605 mente,
1229 2555 1316 2597 sine
1335 2555 1398 2596 ira

526 2630 756 2672 Promisere
785 2644 945 2674 manus.

266 2718 348 2759 Pro
391 2729 438 2759 eo
479 2717 586 2770 quod
630 2721 695 2758 est
737 2718 924 2774 trepidas
952 2717 1163 2774 ''tepidas”
1192 2719 1345 2775 malim.
1403 2719 1602 2772 Trepidas
1632 2717 1738 2758 enim
1768 2730 1914 2758 manus

264 2784 331 2824 vel
358 2783 545 2824 timidam
576 2796 740 2836 operam
769 2784 835 2825 vel
865 2786 1131 2827 festinantem
1161 2790 1203 2826 et
1221 2785 1418 2826 sedulam.
1432 2784 1607 2837 intelligi
1636 2783 1753 2824 licet:
1784 2784 1915 2825 altero

262 2849 388 2891 verbo
431 2848 567 2903 segnis
610 2854 654 2891 et
687 2849 839 2904 ignava
867 2851 955 2893 sine
983 2851 1071 2893 ulla
1098 2850 1370 2904 ambiguitate
1398 2850 1663 2904 significatur.
1721 2850 1915 2891 Ceterum

259 2916 493 2973 promisere
535 2928 667 2970 neque
708 2916 815 2957 idem
860 2919 967 2972 quod
988 2917 1291 2973 protenderunt
1317 2930 1449 2970 neque
1478 2917 1586 2970 quod
1606 2915 1795 2971 polliciti
1823 2924 1918 2957 sunt

263 2983 390 3032 valet,
433 2983 506 3024 sed
547 2982 656 3024 idem
686 2988 751 3024 est
778 2996 827 3025 ac
855 2985 890 3025 si
919 2984 1113 3025 dixisset:
1144 2980 1316 3036 ”deject-i
1344 2983 1466 3026 lentae
1494 2988 1659 3028 tantum
1689 2988 1732 3025 et
1761 2983 1917 3042 frigidae

265 3061 398 3109 operae
427 3061 542 3108 spem
572 3048 638 3094 vel
668 3050 1017 3108 exspectationem
1047 3045 1269 3096 feceruut.”
