2448 3766
676 413 806 449 Studia
832 412 971 449 crisie·
997 414 1037 448 in
1066 412 1262 457 Pupiniam
1291 412 1463 450 Statium.
1872 410 1921 445 15

285 524 409 575 hujus
451 523 528 563 loci
572 523 786 565 sententiae
833 537 922 565 esse
964 529 1154 576 possunt:
1191 530 1265 566 aut
1291 537 1432 566 verum
1462 528 1528 565 est
1554 522 1656 563 illud
1676 522 1866 577 primum
1894 528 1937 562 et

288 589 366 628 hoo
402 587 510 628 dixit
544 594 688 642 poeta:
718 586 930 643 ”quioquid
958 590 1147 639 artifices,
1175 591 1410 645 priusquam
1441 591 1494 631 ad
1525 588 1702 629 colossos
1729 588 1937 640 tingendos

291 653 470 705 aggressi
514 659 624 702 sunt,
652 655 695 695 in
724 667 802 695 aere
832 655 975 695 minori
1004 653 1305 708 proluserunt”:'
1323 662 1409 705 aut,
1438 656 1473 696 si
1503 655 1612 696 falsa
1639 654 1714 693 illa
1741 666 1833 701 vox,
1861 654 1937 694 hoc

289 718 442 759 voluit:
473 715 685 774 ”quiequid
721 720 763 761 in
792 734 870 761 aere
899 721 1043 762 minori
1071 722 1254 764 luserunt
1280 722 1309 763 ii
1338 723 1528 771 artificem
1541 721 1627 775 ‘qui
1659 724 1785 761 antea
1812 719 1934 760 etiam

292 785 468 826 colossos
512 787 702 840 effingere
745 787 834 828 ausi
864 784 1015 828 erant.”
1070 789 1118 829 In
1163 789 1275 829 illam
1304 790 1476 842 priorem
1507 787 1707 842 quomodo
1737 786 1937 839 probabili

292 851 518 892 mutatione
561 853 689 893 verba.
731 853 960 901 deflectam,
1002 866 1079 894 non
1109 854 1286 906 reperio:
1316 856 1370 896 ad
1397 855 1504 896 hane
1532 852 1799 907 posteriorem
1828 856 1937 892 recte

289 916 356 957 ita
385 917 594 973 scribitur:

550 994 754 1048 Quicquid
783 1000 827 1035 et
855 999 1023 1047 argento
1051 1018 1105 1024 —
1132 994 1309 1035 mirum!
1336 1019 1390 1026 —
1418 996 1483 1037 vel
1511 995 1552 1036 in
1582 1008 1661 1036 aere
1689 994 1835 1036 minori

549 1070 672 1113 Lusit
700 1076 743 1113 et
771 1082 955 1113 enormes
984 1082 1129 1111 manus
1157 1077 1249 1113 ante
1277 1077 1447 1126 experta
1475 1071 1664 1114 colossos.

400 1158 557 1200 Eadem
586 1144 795 1201 sententia
822 1158 914 1200 Lib.
943 1157 1020 1206 IV,
1048 1167 1110 1207 v1,
1137 1158 1211 1199 44:

556 1235 660 1282 Quis
689 1237 833 1278 modus
861 1235 901 1276 in
932 1235 1102 1284 dextris,
1132 1241 1287 1288 quanta
1315 1236 1566 1289 experientia
1592 1237 1723 1278 doctis

551 1312 737 1355 Artificis
766 1313 885 1362 curis,
916 1312 1070 1365 pariter
1098 1312 1327 1365 gestamina
1353 1326 1500 1354 mensae

535 1389 725 1445 ‘Fingere
755 1395 798 1432 et
825 1390 1011 1445 ingentes
1040 1389 1175 1431 animo
1204 1402 1366 1432 versare
1395 1391 1589 1433 colossos!

400 1479 478 1528 IV,
508 1478 573 1521 13.
629 1479 692 1521 ita
719 1480 957 1521 scribendus
985 1479 1172 1520 videtur:

1064 1541 1288 1615 fausteque
1316 1568 1367 1597 ex
1394 1556 1531 1598 ordine
1555 1557 1678 1600 eolles

554 1634 808 1675 Confremite
838 1639 883 1674 et
909 1634 1060 1674 sileant
1088 1633 1236 1687 pejoris
1266 1646 1472 1674 murmura
1500 1636 1637 1675 famae:

297 1717 345 1751 ut
381 1713 544 1752 faustus
573 1712 761 1753 fremitus
789 1712 940 1764 pejoris
969 1713 1089 1752 famae
1118 1712 1313 1751 murmuri
1341 1717 1580 1763 opponatur.
1635 1713 1741 1753 Nam
1772 1716 1941 1754 fremere

296 1775 430 1830 ipsum
462 1776 629 1831 ,opinor‚
658 1782 745 1819 tam
775 1777 999 1820 dolentium
1016 1789 1137 1832 quam
1154 1776 1416 1831 gaudentium
1438 1782 1513 1818 est.
1542 1776 1737 1833 (Collatio
1751 1778 1946 1821 Politiani

299 1850 525 1898 nosterque,
554 1845 642 1884 eod.
671 1858 843 1899 noseque
870 1844 937 1884 vel
965 1843 1194 1899 nosceque).

406 1933 446 1962 v.
474 1918 542 1962 61.

555 1986 895 2042 Praegressusque
924 2000 1059 2029 moras
1087 1983 1216 2029 ”nuno
1245 1999 1418 2036 meeum,
1446 1986 1672 2041 Epidauria.
1699 1987 1846 2042 proles,

551 2064 673 2114 Hine,
703 2065 776 2114 ait,
805 2065 819 2106 i
849 2065 1043 2119 gaudens.

294 2140 545 2197 Proyressus
573 2143 660 2184 cod.
689 2143 858 2183 habent.
911 2129 1184 2184 {exibendum
1214 2147 1334 2195 puto:

1074 2218 1413 2276 Proequestusque
1442 2231 1575 2260 moras
1605 2223 1702 2260 cett.

409 2310 448 2338 v.
477 2296 544 2340 68.

816 2363 958 2407 Genus
985 2363 1074 2417 ipse
1103 2363 1189 2406 suis
1218 2363 1504 2417 praemissaque
1532 2367 1640 2405 retro

555 2441 775 2483 Nobilitas.

296 2519 406 2566 Quid
449 2519 506 2560 sit
547 2526 656 2561 retro
696 2519 917 2574 proemissa
958 2517 1167 2573 nobilitas,
1213 2519 1398 2572 equidem
1434 2531 1512 2559 non
1541 2516 1736 2570 intelligo.
1793 2516 1944 2558 Omnia

268 2584 425 2640 xplana
452 2585 565 2636 fient,
595 2585 630 2627 si
660 2584 891 2640 scripseris:

816 2662 958 2705 Genus
986 2662 1076 2717 ipse
1105 2663 1190 2704 suis
1218 2662 1504 2716 praemissaque
1532 2665 1640 2701 retro

556 2739 778 2781 Nobilitat.

296 2814 458 2867 ”Quum
501 2817 626 2862 ceteri
669 2817 867 2871 majorum
897 2832 1059 2861 suorum
1089 2818 1217 2873 gloria
1245 2817 1494 2863 decorentur,
1523 2813 1589 2855 hie
1616 2813 1775 2855 inverso
1804 2813 1944 2856 ordine

295 2884 379 2926 suis
409 2884 599 2926 laudibus
628 2883 802 2937 maJores
832 2882 1061 2926 nobilitat.n
1119 2883 1315 2926 Similiter
1343 2881 1430 2922 Sid.
1458 2880 1596 2933 Apoll.
1626 2880 1666 2920 in
1697 2880 1942 2935 panegyrico

297 2950 436 2992 Aviti:

818 3017 995 3072 priscum
1023 3016 1155 3058 titulis
1183 3017 1367 3056 numeret
1394 3026 1520 3070 genus
1550 3011 1668 3067 alter,
1696 3011 1846 3064 Avite3

559 3093 767 3140 Nobilitas
795 3100 842 3141 tu
870 3095 981 3137 solus
1010 3105 1120 3140 avos.
