2375 3660
650 263 782 300 Studia.
808 263 948 302 Critian·
974 266 1014 302 in
1043 265 1241 311 Pupiniam
1270 264 1443 302 Statium.
1840 268 1889 304 55

344 388 384 417 v.
412 375 509 417 555.

489 453 647 496 Pactus
673 453 934 508 Agenoream
962 454 1106 508 primis
1135 454 1246 509 Atys
1273 454 1366 495 ibat
1393 454 1446 494 ab
1476 454 1595 495 annis

491 529 696 580 Ismenen,
725 530 838 586 Tyrii
861 531 1026 585 ,iuvenis
1054 545 1135 573 non
1164 532 1325 573 advena
1352 531 1464 580 belli,

497 605 699 653 Quamvis
728 607 891 663 Cyrrha
918 609 1075 659 domus,
1104 622 1264 650 soceros
1293 621 1369 649 nec
1396 607 1586 648 tristibus
1615 606 1720 647 actis

494 684 755 728 Adversatus
783 691 887 736 erat,
915 699 1122 740 sponsam,
1152 687 1217 729 cui
1246 691 1387 728 castus
1417 685 1575 726 amanti

494 762 672 816 Squalor
700 768 743 805 et
768 763 926 818 indigni
955 765 1215 807 commendat
1243 763 1380 819 gratia
1407 763 1557 804 luctus.

234 848 315 890 Hic
342 849 456 891 locus
484 849 548 891 ita
573 850 808 906 interpungi
837 858 880 894 et
907 854 1030 895 scribi
1058 854 1204 894 debet:

494 927 649 970 Pactus
677 928 935 983 Agenoream
965 930 1108 984 primis
1136 930 1247 984 Atys
1275 929 1366 970 ibat
1395 929 1447 969 ab
1478 927 1597 969 annis

496 1005 700 1055 Ismenen,
730 1007 845 1061 Tyrii
866 1007 1031 1060 juvenis
1055 1022 1173 1056 ‚nunc
1203 1008 1364 1048 advena
1393 1006 1504 1055 belli,

497 1081 699 1130 Quamvis
728 1083 889 1138 Cyrrha
916 1085 1073 1135 domus,
1103 1097 1263 1126 soceros
1291 1097 1366 1125 nec
1396 1084 1588 1124 tristibus
1618 1083 1723 1124 actis

495 1161 723 1203 Acen-satus
752 1166 869 1203 erat:
899 1174 1091 1216 sponsam
1121 1162 1186 1204 cui
1215 1166 1354 1203 castus
1384 1161 1542 1203 amanti
1696 1184 1743 1224 μ

499 1237 679 1293 Squalor
709 1243 752 1281 et
778 1239 935 1294 indigni
964 1240 1223 1282 commendat
1250 1239 1386 1294 gratia
1414 1239 1562 1280 luctus.

237 1325 350 1379 Tyrii
392 1326 490 1367 belli
531 1340 615 1369 non
657 1328 818 1370 advena
844 1329 955 1384 Atys
984 1330 1066 1370 dici
1093 1342 1175 1369 11011
1203 1333 1343 1382 potest
1372 1329 1450 1369 nisi
1480 1329 1598 1382 longe
1627 1328 1829 1369 arcessita
1857 1333 1901 1368 et

239 1396 429 1433 contorta
469 1393 645 1443 ratione,
689 1394 807 1448 quasi
850 1408 876 1435 a
903 1395 1012 1437 bello
1041 1395 1239 1436 Thebano
1269 1407 1348 1436 non
1379 1394 1536 1435 alienus
1565 1399 1735 1447 propter
1763 1393 1901 1434 affini-

235 1461 368 1499 tatem
408 1458 752 1502 Labdacidarum.
810 1461 965 1503 Contra
998 1461 1035 1503 si
1075 1475 1184 1502 nunc
1213 1460 1416 1510 scribit-ur,
1446 1466 1489 1502 et
1515 1462 1606 1502 voci
1636 1460 1797 1501 advena
1824 1472 1902 1501 sua

237 1529 282 1566 et
323 1524 482 1567 usitata
524 1521 768 1581 significatio
796 1527 982 1570 redditur
1010 1532 1054 1570 et
1073 1527 1243 1584 juvenis
1271 1540 1430 1577 nomen,
1458 1527 1502 1568 in
1529 1527 1665 1581 priore
1694 1527 1900 1580 interpre-

237 1591 397 1634 tatione
433 1592 538 1634 satis
580 1594 770 1643 otiosum,
795 1594 951 1650 pn‘mie
979 1595 1102 1636 annis
1130 1600 1228 1647 apte
1256 1595 1489 1647 respondet.
1546 1594 1627 1635 Pro
1659 1594 1902 1634 adversatus

238 1657 336 1712 quin
378 1663 490 1700 recte
532 1667 744 1701 aversatus
779 1666 1015 1714 reponatur,
1038 1661 1128 1715 jam
1157 1673 1275 1702 nemo
1305 1660 1526 1701 dubitabit.
1583 1660 1729 1701 Nexus
1760 1665 1900 1702 autem

238 1724 537 1767 sententiarum
565 1726 632 1768 hic
661 1732 738 1768 est:
768 1723 977 1769 ”Venerat
1003 1728 1046 1768 in
1075 1727 1229 1769 bellum
1248 1727 1489 1768 Thebanum
1506 1726 1630 1781 Atys,
1649 1739 1901 1780 quamquam

242 1789 409 1844 Cyrrhae
453 1791 702 1834 domicilium
744 1793 949 1844 habebat3
992 1807 1125 1847 neque
1168 1793 1275 1834 enim
1304 1806 1465 1834 soceros
1492 1793 1535 1833 in
1563 1793 1688 1834 rebus
1719 1792 1901 1833 adflictis

236 1856 474 1899 deseruerat
481 1871 494 1908 ;
542 1863 667 1914 atque
710 1860 836 1901 etiam
879 1859 1014 1903 acrius
1057 1865 1272 1902 exarserat
1305 1860 1349 1901 in
1378 1872 1570 1913 sponsam
1599 1859 1731 1912 ipsius
1762 1859 1899 1900 luctus

239 1923 377 1977 gratia
404 1923 777 1986 commendatam?⁴

348 2025 389 2055 v.
417 2012 513 2057 589.

499 2091 644 2145 Neque
673 2091 781 2134 enim
809 2092 887 2134 has
914 2093 1044 2135 Marti
1073 2098 1148 2134 aut
1175 2092 1267 2142 tibi,
1296 2092 1446 2134 bellica
1473 2092 1629 2142 Pallas,

497 2168 683 2209 Exuvias
711 2169 895 2223 ligemus,
925 2170 999 2220 ait,
1028 2171 1169 2224 procul
1198 2175 1341 2211 arceat
1367 2170 1503 2223 ipsum

499 2245 624 2287 Ferre
652 2247 802 2298 pudor:
830 2247 902 2287 vix
929 2247 965 2288 si
995 2253 1094 2288 cett.

238 2330 415 2374 Moleste
442 2331 511 2374 hic
546 2334 667 2375 abest
695 2334 854 2387 copula,
884 2347 966 2389 qua
992 2335 1049 2384 id,
1078 2336 1188 2389 quod
1217 2335 1267 2376 de
1297 2348 1341 2376 se
1369 2335 1458 2388 ipse
1487 2333 1685 2387 praedicat
1715 2332 1893 2386 TydeuS‚

239 2397 305 2448 iis,
347 2411 436 2453 quae
479 2396 741 2450 antecedunt,
771 2401 1052 2455 conjungatur.
1118 2402 1169 2442 In
1199 2402 1287 2442 cod.
1316 2401 1444 2454 Regio
1473 2401 1521 2441 B.
1552 2399 1699 2441 habeat
1728 2398 1891 2452 legitur.

241 2464 363 2508 Unde
391 2467 576 2522 suspicor
606 2467 670 2509 ita
696 2468 893 2522 scriptum
922 2468 1069 2510 fuisse:

499 2545 644 2600 Neque
673 2546 779 2587 enim
806 2546 884 2587 has
912 2545 1040 2587 Marti
1068 2550 1143 2586 aut
1170 2544 1261 2593 tibi,
1289 2546 1440 2586 bellica
1466 2545 1624 2593 PallaS,

498 2622 683 2665 Exuvias
712 2623 895 2678 figemus,
924 2623 1003 2665 ait:
1033 2623 1175 2676 procul
1204 2621 1339 2664 absit!
1367 2629 1404 2664 et
1431 2623 1565 2675 ipsum

499 2701 625 2742 Ferre
652 2701 795 2753 pudor.

350 2787 443 2830 Lib.
471 2787 552 2838 IX,
579 2802 619 2830 v.
651 2788 743 2829 125.

435 2898 437 2900 »
500 2866 713 2909 Imbellem
741 2878 821 2907 non
849 2865 908 2907 sic
936 2865 1129 2919 amplexa
1150 2865 1373 2919 juvencum

502 2944 733 2987 Infestante
761 2944 872 2997 lupo,
900 2956 1024 2997 quum
1047 2943 1228 2997 'primum
1258 2942 1373 2984 foeta
1399 2947 1541 2984 tuetur

502 3022 642 3067 Mater
670 3026 714 3064 et
741 3020 910 3075 ancipiti
937 3020 1173 3063 circumfert
1201 3032 1353 3062 cornua
1380 3033 1491 3075 gyro.

373 3105 407 3133 0.
426 3106 461 3132 Ε.
481 3105 675 3133 Sandan-6111:
694 3106 837 3140 PapinIns
854 3104 974 3131 Statius·
1810 3100 1828 3127 5
