2338 3774
627 402 757 437 Studia
785 401 922 436 Critias
948 401 988 435 in
1017 401 1212 445 Pupiniam
1245 400 1418 436 Statium.
1825 401 1874 435 35

325 526 365 553 v.
392 511 460 552 89.
489 512 550 552 Te
576 510 715 564 pietas
743 509 876 551 oblita
903 509 1035 551 virum
1069 516 1343 563 revocataque
1372 510 1483 551 coelo

495 585 671 628 Justitia
700 592 742 627 et
771 585 936 639 gemina
962 587 1136 639 plangat
1164 586 1358 627 facundia
1387 584 1527 638 lingua

495 663 554 704 Et
581 663 722 704 Pallas
753 669 849 704 cett.

233 741 304 782 Sic
346 741 499 795 optime
542 740 861 794 gravissimeque
905 742 1097 793 procedet
1139 739 1293 781 oratio:
1339 739 1451 780 illam
1498 753 1593 780 vero
1623 741 1881 793 farraginem,

235 819 324 861 quae
367 820 393 848 a
434 820 553 848 versu
597 806 842 860 octogesimo
889 811 1034 860 quarto
1073 807 1124 847 ad
1160 804 1577 858 undenonagesimnm
1607 805 1647 846 in
1679 805 1884 847 codicibus

235 878 388 922 exstat,
431 878 561 914 totam
608 871 846 925 ejiciendam
893 872 981 913 sine
1025 872 1110 913 ulla
1152 871 1409 914 dubitatione
1440 872 1653 913 contendo.
1712 872 1886 924 Singula

235 938 340 981 enim
370 939 603 981 videamus:

493 1016 605 1058 Nota
633 1016 755 1058 nimis
783 1016 884 1058 vati.
942 1014 1046 1063 Quis
1076 1029 1153 1058 non
1183 1014 1225 1058 in
1256 1016 1397 1057 funere
1427 1020 1595 1057 cunctos

490 1092 709 1135 Heliadum
738 1105 873 1134 ramos
902 1092 1196 1147 lacrimosaque
1225 1092 1409 1146 germina
1437 1091 1544 1133 dixit

492 1170 550 1211 Et
577 1169 801 1224 Phrygium
830 1169 982 1211 silicem
1014 1175 1137 1224 atque
1168 1183 1312 1210 ausum
1343 1169 1549 1211 contraria
1576 1170 1744 1211 Phoebo

493 1246 688 1289 Carmina
715 1260 790 1288 nec
817 1246 928 1288 victa
956 1247 1137 1300 gavisam
1167 1247 1345 1287 Pallada
1373 1246 1511 1287 buxo?

232 1328 343 1374 ”Non
388 1333 598 1376 morientis
642 1335 774 1389 cygni,
816 1348 895 1386 non
925 1334 1128 1384 Sirenum,
1157 1347 1236 1376 non
1265 1333 1503 1376 Philomelae
1533 1340 1698 1376 cautum
1729 1334 1770 1376 iu
1801 1349 1878 1388 pa-

232 1398 354 1440 trium
399 1400 521 1441 funus
565 1398 803 1442 adhibebo.”
859 1400 970 1442 Cur?
1025 1400 1136 1447 Quia
1180 1400 1302 1441 nimis
1345 1406 1445 1441 nota
1473 1401 1562 1442 vati
1592 1406 1701 1441 sunt.
1759 1400 1879 1448 Quod

231 1477 326 1506 vero
367 1465 583 1508 Justitiam
614 1473 656 1507 et
682 1467 826 1508 Musas
856 1472 898 1508 et
925 1465 1132 1507 Pietatem
1162 1467 1214 1507 ad
1245 1472 1449 1507 mortuum
1478 1467 1752 1521 plangendum
1782 1467 1879 1509 hor-

230 1535 358 1580 tatur,
401 1531 442 1572 id
486 1546 565 1574 non
609 1531 813 1586 cognitum
857 1531 958 1581 vati,
1002 1532 1044 1573 id
1088 1545 1237 1573 novum
1275 1537 1400 1585 atque
1428 1531 1673 1580 inauditum,
1702 1532 1744 1573 id
1775 1546 1880 1574 nunc

231 1597 392 1638 demum
436 1599 487 1639 ab
530 1598 607 1640 hoc
635 1597 764 1652 primo
793 1598 1019 1647 inventum,
1049 1611 1179 1652 neque
1209 1598 1335 1638 ullam
1363 1597 1485 1639 istius
1514 1599 1652 1652 figurae
1680 1599 1881 1652 suspicio-

231 1675 322 1704 nem
352 1668 426 1704 aut
453 1664 652 1705 Horatius
680 1663 839 1714 habuit,
869 1677 990 1718 quum
1023 1677 1185 1705 carmen
1216 1663 1256 1704 in
1288 1663 1557 1711 Quinctilium
1573 1664 1731 1705 Varum
1749 1666 1880 1719 scrip-

230 1728 299 1779 sit,
342 1735 416 1771 aut
458 1730 645 1780 Ovidius,
688 1744 810 1784 quum
855 1735 1025 1771 mortem
1069 1730 1186 1770 Albii
1229 1730 1383 1771 Tibulli
1427 1730 1622 1772 deflevit?
1675 1731 1878 1773 Additur:

230 1790 342 1849 ”quis
383 1809 462 1838 non
499 1795 541 1838 in
571 1798 711 1838 funere
740 1795 985 1838 Phaetontis
1013 1809 1194 1837 sororum
1223 1796 1377 1837 luctum
1408 1802 1451 1837 et
1478 1796 1880 1839 transformationem

230 1858 385 1903 dixit?”
439 1862 636 1912 Primum,
667 1864 864 1917 quomodo
892 1863 979 1904 haec
1014 1876 1104 1904 cum
1142 1861 1344 1916 prioribus
1374 1862 1604 1905 cohaerent?
1659 1862 1729 1905 An
1758 1863 1880 1906 nimis

229 1926 304 1969 illa
344 1934 457 1978 nota,
501 1929 597 1984 quia
637 1929 725 1971 haec
760 1942 876 1971 nemo
906 1942 986 1971 non
1016 1927 1151 1970 dixit?
1204 1925 1366 1971 Deinde
1394 1934 1635 1983 peremant
1662 1928 1740 1972 viri
1769 1930 1880 1972 docti

229 1994 425 2036 memoria
453 2002 497 2037 et
525 1995 772 2050 cogitatione
801 1995 952 2045 omnia,
989 2008 1078 2049 quae
1106 1994 1148 2036 in
1177 1995 1329 2037 mortui
1357 1995 1531 2050 alicujus
1558 1996 1752 2038 honorem
1782 2010 1880 2039 con-

228 2059 385 2115 scripta
426 2066 537 2112 sunt,
584 2060 758 2116 antiqua
800 2060 1004 2112 carmina3
1052 2066 1095 2103 et
1137 2062 1350 2115 proferant
1391 2075 1530 2112 unum,
1573 2061 1643 2104 ubi
1680 2076 1760 2105 nou
1789 2063 1879 2105 dico

230 2128 379 2177 cuncti,
408 2128 480 2170 sed
509 2142 614 2170 unus
642 2127 863 2170 Heliadum
892 2141 1032 2170 ramus
1062 2128 1292 2170 celebratus
1320 2126 1390 2170 sit.
1433 2129 1653 2171 Praeterea·
1669 2129 1880 2172 Phaeton-

229 2193 285 2235 tis
313 2207 472 2236 sorores
500 2200 588 2236 tum
620 2200 718 2249 apte
747 2194 1010 2244 inducuntur,
1041 2207 1164 2249 quum
1196 2194 1413 2237 diuturnus
1443 2201 1486 2237 et
1515 2196 1759 2238 immodicus
1791 2197 1878 2239 luc-

229 2266 297 2301 tus
339 2260 604 2302 describitur:
647 2261 724 2302 hoc
758 2274 854 2302 vero
884 2261 970 2302 loco
1001 2259 1097 2315 quid
1127 2260 1278 2314 negotii
1309 2261 1477 2310 habent,
1506 2261 1575 2303 ubi
1605 2276 1685 2303 non
1716 2275 1875 2304 moero-

229 2339 314 2367 rem
357 2325 437 2367 sibi
481 2332 524 2367 et
567 2325 757 2368 lacrimas
800 2331 920 2380 optat
961 2331 1099 2380 poeta,
1135 2327 1207 2367 sed
1236 2339 1357 2367 voces
1387 2339 1508 2381 quam
1538 2327 1806 2369 suavissimas
1836 2334 1878 2369 et-

229 2404 351 2446 quum
381 2397 499 2445 patre
528 2398 615 2433 tum
646 2406 689 2433 se
719 2391 808 2446 ipso
838 2405 961 2446 quam
998 2391 1176 2433 maxime
1205 2391 1379 2445 dignas?
1433 2393 1525 2435 Nou
1555 2393 1648 2446 plus
1677 2394 1876 2435 mehercle

226 2470 347 2510 quam
391 2457 460 2499 ille
502 2458 707 2512 Phrygius
750 2457 870 2511 lapis,
913 2456 982 2512 qui
1017 2457 1164 2499 deinde
1193 2457 1435 2499 inculcatur.
1493 2457 1559 2500 'At
1585 2458 1672 2500 haec
1701 2459 1873 2519 leviora:

226 2536 340 2576 paenc
369 2523 602 2578 prodigiosa
633 2537 721 2578 quae
749 2529 998 2578 sequuntur:

749 2600 890 2656 Atque
918 2613 1062 2642 ausum
1093 2599 1299 2642 contraria
1326 2601 1492 2644 Phoebo
1572 2661 1575 2664 A

488 2677 681 2721 Carmina
709 2691 783 2719 uec
812 2677 923 2719 victa
951 2677 1135 2731 gavisam
1164 2679 1341 2719 Pallada
1369 2680 1490 2721 buxo.

227 2751 400 2796 ”Omnes
443 2753 484 2795 in
527 2755 667 2796 funere
709 2755 904 2809 Marsyan
948 2759 992 2795 et
1033 2754 1253 2795 Arachnen
1297 2754 1525 2798 dixerunt.”
1581 2757 1686 2806 Quis
1715 2759 1803 2801 haec
1832 2759 1874 2802 in

228 2822 368 2877 supere
411 2819 518 2863 dixit
560 2826 633 2862 aut
675 2821 836 2875 quaudo
878 2820 965 2862 haec
1006 2820 1048 2861 in
1086 2821 1225 2861 funere
1253 2820 1335 2862 dici
1363 2824 1563 2874 possunt?
1618 2825 1796 2867 Vererer
1825 2841 1876 2869 ne

229 2886 373 2940 inepta
401 2886 487 2929 haec
516 2900 605 2930 esse
633 2887 804 2941 probare
833 2885 963 2940 inepti
992 2885 1214 2934 videretur,
1242 2885 1299 2936 ni,
1329 2888 1436 2941 quod
1464 2888 1536 2930 vix
1563 2896 1772 2944 putaram,
1792 2893 1879 2935 Im..

227 2953 378 2995 hofium
421 2958 547 2995 nacta
589 2953 743 2995 essent
767 2943 1004 3006 patronum:
1051 2951 1128 3001 eui,
1172 2951 1206 2992 si
1237 2952 1301 2993 dis
1338 2954 1487 3006 placet,
1517 2956 1657 2998 omnia
1682 2957 1752 2999 hic
1779 2972 1876 3012 per-

228 3018 372 3073 spicua
414 3033 504 3061 esse
547 3025 590 3061 et
626 3018 782 3074 egregie
811 3018 942 3060 oratio
971 3019 1188 3072 procedere
1216 3018 1381 3061 videtur
1408 3020 1484 3062 tali
1513 3023 1744 3066 sententia:
1775 3022 1873 3067 ”non

227 3097 300 3140 ego
343 3091 503 3140 patrem
548 3099 681 3129 meum
712 3084 874 3129 invidiae
902 3085 1067 3127 deorum
1097 3084 1317 3128 obnoxium
1347 3086 1474 3130 fuisse
1503 3087 1654 3140 dicam,
1683 3091 1746 3134 cui
1777 3091 1873 3135 olim
