2419 3728
516 370 566 406 10
1162 370 1200 408 C.
1232 371 1273 408 Β.
1303 370 1529 408 Sanamem.

515 484 679 538 egregia
706 481 878 533 reddit”‚
909 485 981 526 sed
1010 484 1169 538 longius
1199 485 1251 525 ab
1282 484 1463 525 codicum
1497 482 1700 536 scriptura
1727 483 2018 525 recederemus.
2075 481 2170 522 Jam

511 551 639 592 talem
670 552 756 592 fere
785 551 945 605 requiro
975 550 1270 592 sententiarum
1302 550 1577 603 complexum:
1608 546 1722 591 ”huic
1751 549 1937 604 quamvis
1951 548 2172 590 maximam

512 617 720 657 fortunam
753 617 947 665 dederim,
976 618 1154 657 nondum
1184 622 1323 656 tamen
1353 616 1451 655 mihi
1480 616 1569 667 ipse
1597 616 1821 656 satisfacio.
1865 615 2037 667 Semper
2054 614 2173 667 plura

514 683 653 736 largiri
697 684 840 737 gestio.
899 682 1117 729 Querimur
1145 678 1290 735 igitur''
1321 685 1418 722 cett.
1478 680 1547 721 Ad
1576 681 1683 722 hanc
1711 681 1911 722 rationem
1942 693 2021 722 non
2052 678 2171 721 nimis

515 750 727 797 audacter,
757 755 804 790 ut
833 748 931 789 mihi
960 749 1113 796 videor,
1144 747 1334 799 conjicio:

781 823 887 865 Huic
916 824 1101 877 quamvis
1132 837 1275 864 census
1307 823 1486 864 dederim
1518 822 1668 875 largita
1696 823 1854 871 beatos,

778 899 961 954 Junqere
990 913 1087 953 opes
1117 914 1225 940 aveo.
1285 899 1502 946 Querimur
1526 899 1614 950 jam
1645 904 1743 939 cett.

627 999 810 1053 Junyere
839 1013 935 1054 opes
963 999 1089 1039 latine
1120 999 1198 1039 dici
1228 1012 1347 1051 posse
1378 999 1520 1051 opinor
1549 1011 1621 1050 pro
1652 1011 1698 1037 eo
1729 997 1835 1050 quod
1866 1002 1930 1037 est
1947 992 2064 1048 ”opes
2080 995 2170 1047 opi-

519 1066 593 1106 bus
634 1062 816 1107 addere⁷⁷.
875 1065 996 1107 Certe
1025 1065 1087 1105 ita
1115 1065 1202 1117 ipse
1233 1065 1392 1106 locutus
1423 1070 1487 1105 est
1516 1064 1618 1105 Silv.
1648 1064 1724 1112 IV,
1755 1073 1816 1113 VI,
1849 1058 1911 1103 17.
1973 1058 2032 1103 ”0
2063 1062 2170 1102 bona

515 1144 595 1171 nox
619 1132 843 1184 junctaque
873 1132 1030 1171 utinam
1061 1131 1280 1184 Tirynthia
1309 1128 1444 1178 luna”‚
1476 1131 1543 1171 ubi
1566 1130 1716 1185 juncta
1744 1130 1844 1169 luna
1857 1129 1963 1169 idem
1985 1133 2050 1168 est
2065 1128 2172 1180 quod

513 1196 733 1249 geminata.
792 1196 855 1239 cf.
887 1195 931 1238 S.
961 1197 996 1245 Ι,
1025 1206 1069 1244 V,
1102 1197 1166 1237 10.
1223 1196 1268 1238 S.
1298 1196 1355 1245 II,
1384 1206 1445 1246 vl,
1478 1196 1542 1237 11.

623 1285 662 1312 v.
695 1272 786 1312 131.

1299 1339 1349 1380 In
1378 1339 1496 1381 litore
1524 1339 1634 1380 Naxi

775 1415 979 1457 Theseum
1003 1415 1129 1469 juxta
1158 1416 1265 1457 foret
1292 1416 1379 1458 haec
1408 1421 1627 1470 conspecta
1655 1415 1799 1465 cubile,

779 1493 966 1536 Gnosida
993 1494 1199 1534 desertam
1230 1495 1426 1548 profugus
1455 1494 1642 1548 liquisset
1671 1499 1714 1534 et
1740 1494 1873 1534 Evan.

627 1583 739 1624 Nihil
768 1585 810 1623 in
839 1584 1040 1624 vocabulo
1063 1583 1277 1639 profuqus
1313 1585 1511 1632 morabor,
1542 1595 1787 1636 quamquam
1818 1582 1905 1623 sine
1940 1581 2062 1623 dubio
2091 1594 2171 1623 non

515 1656 603 1691 tam
632 1655 743 1690 recte
772 1650 814 1690 in
844 1650 1007 1690 Baccho
1038 1663 1160 1702 quam
1190 1650 1231 1690 in
1262 1650 1419 1690 Theseo
1448 1650 1629 1702 ponitur:
1660 1649 1820 1701 gravior
1847 1649 1889 1689 in
1905 1648 2040 1690 verbis
2047 1647 2175 1703 juxta

522 1715 716 1758 Theseum
746 1713 879 1757 cubile
908 1715 1090 1765 offensio,
1120 1728 1223 1769 quae,
1253 1720 1300 1756 ut
1328 1729 1434 1757 nunc
1463 1715 1596 1757 editur
1612 1714 1735 1764 locus,
1751 1714 1904 1756 nullam
1920 1714 2173 1769 probabilem

518 1782 900 1835 interpretationem
930 1782 1169 1822 admittunt.
1214 1783 1320 1823 Nam
1352 1795 1472 1835 quum
1489 1782 1589 1823 dicit
1603 1786 1727 1834 poeta
1740 1781 1945 1822 Bacchum
1961 1781 2173 1822 Ariadnen

519 1850 755 1890 relicturum
786 1849 926 1897 fuisse,
954 1848 1031 1889 hoc
1062 1862 1220 1902 quoque
1250 1849 1361 1897 dicit,
1381 1862 1469 1890 eam
1482 1850 1570 1902 jam
1585 1849 1627 1890 in
1644 1848 1808 1890 chorum
1824 1849 1911 1901 ejus
1928 1861 2016 1889 esse
2031 1860 2173 1901 recep-

520 1921 629 1956 tam:
668 1915 763 1968 quid
799 1915 926 1969 igitur
955 1915 1108 1957 attinet
1136 1915 1422 1956 Violantillam
1453 1917 1504 1957 ab
1535 1928 1581 1957 eo
1605 1916 1729 1969 juxta
1757 1915 1905 1956 Thesei
1936 1914 2067 1966 cubile
2096 1927 2172 1968 po-

521 1981 605 2021 tius
635 1994 756 2033 quam
788 1982 868 2021 alio
898 1982 1040 2034 quovis
1070 1982 1156 2022 loco
1186 1978 1390 2034 c'onspici?
1446 1984 1513 2023 Ita
1541 1984 1702 2023 demum
1732 1982 1880 2023 Thesei
1900 1982 2044 2022 cubilis
2062 1987 2174 2024 recte

523 2047 676 2088 mentio
706 2047 835 2096 fieret,
854 2046 1055 2101 siquidem
1086 2061 1177 2088 eum
1207 2061 1383 2096 sensum,
1414 2049 1481 2102 qui
1511 2062 1614 2089 unus
1636 2061 1694 2089 ex
1723 2048 1880 2089 tradita
1907 2048 2024 2090 nobis
2043 2047 2174 2102 scrip·
2212 2048 2215 2051 ’

522 2120 617 2153 tura
646 2113 731 2153 erui
769 2118 920 2165 potest,
952 2114 1076 2154 etiam
1106 2119 1237 2165 poetae
1266 2114 1391 2154 fuisse
1422 2128 1643 2163 censemus,
1673 2115 1707 2154 si
1736 2115 1804 2156 ille
1832 2115 1874 2155 id
1902 2115 2036 2168 ipsum
2065 2120 2174 2156 tem-

520 2192 597 2230 pus
637 2179 865 2232 significare
894 2179 1106 2227 voluisset,
1136 2192 1259 2232 quum
1289 2180 1462 2232 primum
1491 2180 1533 2220 in
1563 2180 1772 2221 Ariadnen
1802 2181 1989 2222 Bacchus
2018 2181 2173 2223 incide-

519 2250 587 2285 rat
630 2250 672 2285 et
702 2258 825 2298 quum
855 2245 928 2285 illa
956 2245 1089 2285 adhuc
1118 2245 1159 2285 in
1192 2245 1349 2286 Theseo
1380 2245 1501 2286 cubili
1524 2247 1711 2299 jacebat:
1742 2252 1788 2287 at
1815 2248 1915 2288 tum'
1933 2247 1969 2288 si
1997 2246 2173 2288 Violan-

518 2311 651 2351 tillam
683 2311 977 2363 conspexisset,
1007 2311 1114 2351 hanc
1143 2324 1233 2351 eum
1264 2311 1457 2352 Ariadnae
1487 2313 1762 2364 praelaturum,
1783 2326 1862 2354 non
1886 2313 2007 2365 hujus
2045 2326 2171 2355 causa

519 2375 733 2416 Ariadnen
764 2377 1019 2417 deserturum
1050 2376 1174 2417 fuisse
1212 2376 1333 2417 scribi
1364 2378 1572 2418 debuerat.
1629 2378 1764 2420 Plana
1792 2384 1835 2420 et
1863 2384 1978 2420 recta
2005 2383 2173 2420 senten-

517 2442 579 2483 tia
608 2442 853 2484 restituetur
882 2455 962 2483 non
990 2442 1052 2482 ita
1082 2455 1231 2495 magna
1259 2442 1488 2484 litterarum
1518 2445 1764 2487 mutatione:

1306 2519 1354 2559 In
1383 2519 1519 2561 littore
1538 2521 1648 2562 Naxi

782 2596 986 2637 Theseum
1011 2595 1136 2647 juxta
1164 2596 1271 2636 foret
1298 2595 1383 2637 haec
1412 2603 1629 2651 conspecta
1657 2598 1802 2648 cubile,

781 2672 970 2717 Gnosida
999 2672 1203 2714 desertam
1227 2672 1413 2731 profuyo
1443 2673 1650 2719 laudasset
1679 2681 1722 2719 et
1749 2676 1882 2719 Evan.

514 2773 628 2816 Dicit
656 2773 783 2827 igitur
812 2777 957 2827 poeta:
989 2769 1055 2814 ”Si
1086 2772 1269 2813 Theseus
1298 2773 1579 2816 Violantillam
1605 2775 1891 2829 juxta-cubile
1920 2788 2039 2817 suum
2073 2788 2171 2818 oon-

514 2840 720 2894 spexisset
758 2845 800 2880 et
836 2839 948 2880 illius
977 2840 1110 2879 forma
1140 2844 1285 2891 captus
1313 2839 1523 2883 Ariadnen
1552 2843 1812 2891 deseruisset,
1841 2842 2053 2896 perfidiam
2083 2842 2170 2894 ejus

513 2906 702 2948 Bacchus
731 2906 834 2960 ipse,
863 2905 1062 2947 Ariadnae
1092 2904 1253 2957 conjux,
1282 2918 1363 2948 non
1392 2908 1509 2949 modo
1539 2921 1618 2950 non
1648 2908 1974 2962 reprehensione,
1989 2909 2061 2950 sed
2091 2908 2171 2950 eti-

514 2985 581 3012 arn
612 2972 733 3012 laude
763 2971 929 3025 dignam
954 2970 1196 3024 judicasset.

624 3062 661 3088 v.
695 3048 787 3089 134.

777 3123 898 3173 Quod
929 3123 1008 3165 nisi
1038 3136 1102 3164 me
1132 3123 1263 3176 longis
1292 3123 1499 3177 placasset
1524 3127 1553 3168 J
1555 3139 1634 3168 uno
1664 3127 1853 3181 querelis,
