2419 3728
711 374 841 410 Studia
868 372 1008 409 Critica
1033 371 1074 408 in
1101 371 1296 417 Pupiniam
1325 372 1499 409 Statium.
1896 370 1943 406 ll

560 483 709 523 Falsus
737 482 832 523 huic
860 495 1015 534 pennas
1045 488 1087 523 et
1115 496 1264 525 cornua
1293 489 1474 526 sumeret
1501 483 1639 523 aethrae

558 558 722 607 Rector,
750 558 793 599 in
821 558 929 600 hanc
955 572 1050 600 vero
1079 560 1291 603 cecidisset
1317 560 1484 614 Jupiter
1512 573 1624 601 auro.

410 636 567 676 Tuetur
608 636 818 687 vulgatam
861 636 1103 688 scripturam
1145 638 1332 679 Handius
1360 639 1423 677 ita
1452 649 1673 689 exponens,
1701 636 1744 676 in
1761 637 1946 678 Violan—

297 701 391 742 tilla
431 701 576 742 Jovem
620 714 698 742 non
735 701 897 750 falsum,
926 707 973 743 ut
1000 702 1042 743 in
1070 703 1228 753 Danae,
1257 704 1329 745 sed
1358 715 1500 744 verum
1529 702 1713 743 futurum
1743 701 1869 743 fuisse
1897 717 1946 743 a-

298 772 508 808 matorem.
566 766 669 813 Quae
706 768 912 808 sententia
940 770 1136 821 quomodo
1166 783 1217 810 ex
1244 770 1308 810 his
1336 769 1473 810 verbis
1503 768 1673 808 extundi
1702 768 1847 820 possit,
1876 769 1946 809 alii

293 832 491 874 viderint:
533 832 632 873 mihi
674 832 929 885 perspicuum
973 838 1049 883 est,
1095 835 1143 883 si,
1187 848 1308 889 quam
1351 847 1459 875 nunc
1486 834 1687 874 habemus
1716 834 1945 882 lectionem,

298 912 325 939 a
352 899 490 941 Statio
518 900 705 952 profecta
733 904 808 948 est,
836 899 879 939 id
908 912 998 940 eum
1028 900 1169 953 egisse,
1204 906 1252 941 ut
1278 901 1387 942 inter
1415 900 1543 941 falsas
1572 912 1729 952 pennas
1759 899 1945 953 falsaque

299 977 451 1007 cornua
493 969 536 1006 et
576 977 717 1006 verum
763 977 904 1006 aurum
948 966 1148 1019 oppositio
1185 967 1324 1021 aliqua
1352 971 1500 1021 arguta
1527 966 1821 1007 intercederet:
1851 965 1946 1006 inde

299 1032 428 1086 sequi,
458 1037 518 1080 ut,
548 1044 830 1086 quamcunque
858 1032 993 1072 verbis
1028 1046 1121 1073 vero
1149 1048 1252 1074 auro
1279 1033 1471 1074 tribueris
1487 1032 1841 1085 significationem,
1857 1032 1946 1084 ejus

298 1097 544 1140 contrariam
572 1097 655 1139 illis
684 1097 885 1151 prioribus
914 1110 1003 1139 esse
1032 1098 1336 1152 adsignandam.
1394 1098 1503 1146 Quid
1532 1098 1658 1152 igitur
1685 1098 1840 1140 Handii
1871 1111 1945 1139 ex-

296 1163 507 1217 plicationi
536 1164 635 1204 fiet?
690 1164 863 1215 Nempe,
892 1163 926 1203 si
954 1163 1021 1204 hic
1048 1177 1166 1205 verus
1195 1171 1353 1206 amator
1379 1165 1544 1217 Jupiter
1572 1165 1841 1217 significatur,
1871 1178 1945 1205 ne-

295 1243 408 1271 cesse
438 1235 503 1271 est
530 1230 615 1271 illic
643 1229 773 1270 falsus
802 1229 1053 1282 significatus
1082 1229 1136 1270 sit
1155 1235 1197 1271 et
1216 1235 1412 1284 quantum
1433 1230 1634 1283 posterior
1647 1243 1791 1271 versus
1807 1230 1944 1271 extol—

292 1295 367 1344 lat,
425 1300 588 1337 tantum
645 1295 829 1347 superior
870 1295 1084 1348 deprimat.
1153 1296 1357 1336 Praeterea
1384 1296 1487 1336 satis
1516 1297 1556 1336 in
1587 1296 1815 1350 propinquo
1844 1309 1943 1337 vera

291 1361 515 1416 scriptura:

555 1438 676 1487 Quod
706 1439 784 1481 nisi
813 1452 877 1481 me
906 1438 1036 1492 longis
1064 1438 1271 1492 placasset
1296 1438 1404 1479 Juno
1435 1439 1622 1492 querelis,

553 1517 703 1559 Falsus
730 1517 826 1558 huic
853 1529 1010 1570 pennas
1039 1520 1081 1557 et
1109 1528 1260 1557 cornua
1285 1521 1464 1557 sumeret
1490 1515 1627 1557 aethrae

551 1594 716 1643 Rector,
745 1593 786 1636 in
815 1593 922 1636 hanc
949 1593 1039 1636 rivo
1069 1592 1282 1635 cecidisset
1307 1592 1500 1647 Juppiter
1527 1606 1662 1635 aureo.

401 1672 541 1713 Aureo
568 1671 611 1713 in
640 1685 744 1713 auro
773 1675 947 1720 mutato,
975 1684 1026 1712 ne
1054 1669 1148 1711 huic
1176 1669 1433 1711 substantivo
1462 1669 1705 1722 adjectivum
1726 1682 1845 1711 suum
1864 1669 1938 1710 de-

289 1741 413 1787 esset,
442 1750 494 1779 ex
523 1749 570 1779 eo
600 1737 707 1792 quod
737 1742 802 1780 est
828 1737 919 1779 rivo
947 1735 1102 1778 librarii
1131 1748 1225 1778 vero
1253 1735 1554 1778 concinnarunt.

398 1827 438 1855 v.
467 1814 562 1856 201.

550 1892 690 1934 Macte
718 1892 833 1943 toris,
861 1891 1005 1933 Latios
1032 1891 1141 1932 inter
1168 1890 1440 1944 placidissime
1468 1895 1599 1938 vates,

551 1967 672 2017 Quod
700 1969 847 2011 durum
875 1981 1113 2023 permensus
1140 1968 1219 2010 iter
1248 1966 1459 2022 coeptique
1487 1965 1637 2019 laboris

549 2046 758 2089 Prendisti
786 2050 942 2101 portus.

399 2124 669 2167 Scribendum
699 2124 861 2178 opinor:

551 2200 687 2251 Quod,
717 2202 863 2242 durum
892 2213 1129 2254 permensus
1156 2200 1234 2242 iter
1262 2200 1434 2255 saevique
1462 2197 1625 2246 laboris,

548 2278 757 2321 Prendisti
785 2283 941 2332 portus,

288 2354 356 2397 vel
397 2355 433 2397 si
476 2356 583 2410 quod
627 2357 738 2397 aliud
776 2356 887 2397 illius
915 2354 1070 2398 laboris
1105 2354 1312 2408 epitheton
1341 2352 1473 2401 malis,
1501 2357 1549 2392 ut
1575 2350 1711 2399 mai,
1738 2355 1787 2391 ut
1813 2350 1934 2392 vasti.

288 2421 459 2477 (Baehr.
489 2422 687 2479 certisque
714 2421 790 2463 sub
819 2422 936 2474 oris).

398 2509 445 2552 Ο.
473 2510 552 2559 111,
583 2511 621 2551 1.

551 2586 726 2629 Cernere
756 2586 922 2629 facundi
951 2585 1078 2628 Tibur
1105 2583 1275 2639 glaciale
1302 2581 1472 2637 Vopisci

552 2663 600 2707 Si
630 2663 721 2719 quis
750 2669 794 2706 et
821 2664 974 2706 inserto
1003 2663 1182 2719 geminos
1209 2661 1368 2703 Aniene
1396 2664 1567 2713 penates

550 2742 642 2784 Aut
669 2742 806 2795 potuit
832 2742 951 2784 sociae
980 2740 1218 2783 commercia
1243 2750 1405 2780 noscere
1432 2737 1530 2790 ripae

553 2817 852 2874 certantesque
881 2818 959 2860 sibi
988 2817 1193 2859 dominum
1222 2814 1437 2857 defendere
1465 2812 1606 2855 villas:

552 2896 674 2938 Illum
704 2909 779 2938 nec
808 2896 939 2937 calido
968 2894 1137 2937 latravit
1164 2892 1294 2935 Sirius
1324 2895 1435 2932 astro

551 2974 640 3015 Nec
669 2974 805 3028 gravis
834 2973 1025 3026 adspexit
1051 2972 1221 3012 Nemeae·
1242 2969 1469 3010 frondentis
1498 2968 1712 3010 alumnus:

551 3050 666 3092 Talis
693 3049 825 3092 hiems
853 3049 987 3098 tectis,
1016 3048 1209 3100 frangunt
1235 3045 1295 3087 sic
1321 3045 1509 3098 improba
1536 3043 1643 3086 soles

549 3126 719 3188 Frigora
746 3126 1002 3181 Pisaeumque
1030 3124 1172 3166 domus
1201 3135 1280 3166 non
1307 3127 1460 3167 aestuat
1487 3134 1652 3165 annum.
