2404 3781
664 399 795 438 studia
823 400 962 438 oriam
987 403 1029 440 §a
1052 402 1255 450 mnium
1280 402 1455 441 satim.
1859 406 1913 444 49

531 511 673 559 Quem
693 521 774 554 non
802 512 890 566 ipse
918 513 1040 556 deum
1068 519 1183 556 sator
1195 519 1439 568 ..φοι-ηοω
1451 515 1657 566 honorem,

529 589 608 631 Dic
636 601 712 643 age
741 594 839 631 cett.

268 681 415 734 Neque
433 679 580 738 fatum
608 681 754 724 debore
779 695 853 735 pro
883 694 930 724 eo
959 682 1066 736 quod
1096 686 1161 723 est
1187 682 1317 723 vitam
1344 680 1489 723 debere
1517 681 1672 724 latinus
1700 681 1913 738 quisquam

182 790 185 792 ,
268 745 387 796 dixit,
429 759 561 801 neque
602 752 713 790 recte
755 761 800 790 se
841 747 952 803 illud·
970 748 1154 789 venimus
1182 747 1326 790 debere
1352 747 1494 797 habet,
1523 747 1729 802 quoniam,
1757 761 1846 802 (μω
1871 749 1915 792 iu

268 812 466 865 ejusmodi
508 818 717 856 structura.
756 827 918 867 semper
958 813 1067 855 inest
1107 814 1334 856 voluntatis
1370 819 1446 855 aut
1474 814 1631 856 consilii
1659 813 1915 867 significatio,

268 889 319 919 ea
345 877 466 932 hujus
495 878 572 922 loci
600 879 816 922 sententiae
843 892 1009 934 prorsus
1036 884 1251 934 repugnat.
1308 881 1504 922 Fortasse
1532 879 1813 921 scribendum:

527 979 589 1020 At
616 984 756 1021 tamen
785 993 822 1029 o,
852 992 1099 1034 quaecunque
1128 993 1186 1029 es,
1215 980 1289 1029 ait,
1319 980 1385 1021 cui
1413 980 1544 1033 gloria
1570 983 1695 1020 tanta

528 1055 741 1106 Venimus,
769 1056 989 1099 iunumeroe
1015 1063 1055 1104 ,et
1079 1056 1236 1115 fantur
1263 1056 1412 1099 debere
1441 1056 1644 1106 cohortes,

528 1132 661 1181 Quem
689 1146 769 1176 non
796 1133 885 1188 ipse
914 1138 1012 1175 cett.

374 1269 414 1298 v.
442 1256 538 1299 400.

528 1333 722 1376 Attonito
750 1334 994 1376 manifestus
1021 1335 1063 1376 in
1093 1335 1253 1389 agmine
1282 1348 1409 1388 supra
1435 1340 1502 1376 est

523 1411 928 1466 Amphitryoniades.

262 1501 345 1544 Pro
388 1501 574 1551 attonito,
616 1500 659 1542 iu
703 1513 781 1555 quo
817 1500 910 1554 jure
946 1502 1115 1544 offendit
1143 1501 1387 1552 Gronovius,
1417 1514 1540 1556 quum
1568 1501 1692 1543 inane
1719 1500 1798 1542 hoc
1826 1500 1914 1542 loco

262 1568 341 1609 hoc
369 1568 581 1621 epitheton
611 1572 722 1608 esset
748 1591 803 1598 —
833 1581 1079 1622 quamquam
1108 1568 1216 1622 quod
1243 1568 1333 1621 ipse
1360 1567 1528 1609 rescribi
1555 1567 1700 1616 voluit,
1729 1565 1915 1609 attonita

263 1647 354 1676 cum
395 1633 643 1687 proecedeuti
686 1633 889 1674 cernimus
932 1633 993 1689 (v.
1036 1633 1138 1689 398)
1175 1634 1443 1687 jungendum,
1480 1633 1646 1675 callenti
1674 1632 1913 1676 Statianam

264 1699 596 1754 compositionem
641 1700 805 1754 probari
849 1712 928 1741 non
970 1705 1109 1754 potest
1136 1724 1191 1731 —
1219 1698 1383 1742 Statius
1411 1699 1497 1741 sine
1526 1698 1649 1741 dubio
1677 1698 1843 1753 scripsit
1871 1703 1915 1739 at

265 1773 421 1808 cuncto.

371 1890 411 1919 v.
440 1877 535 1920 454.

782 1955 950 1998 Cineres
978 1956 1188 2011 furiasque
1216 1969 1397 1998 meorum

519 2033 679 2083 Testor,
708 2038 756 2074 ut
784 2038 976 2075 externas
1005 2047 1085 2076 non
1113 2038 1260 2088 sponte
1288 2039 1364 2075 aut
1392 2033 1557 2075 crimine
1584 2033 1715 2075 taedas

522 2109 767 2164 Attigerim:
798 2111 878 2152 scit
907 2124 1005 2152 cura
1035 2111 1169 2161 deum,
1199 2111 1277 2153 etsi
1305 2101 1482 2153 blandus
1510 2111 1633 2152 Iason

520 2187 760 2241 Virginibus
790 2188 888 2229 dare
916 2188 1053 2229 vincla
1079 2188 1215 2230 novis:
1246 2202 1323 2230 sua
1345 2189 1442 2242 jura
1470 2193 1680 2230 cruentum

518 2265 674 2308 Phasin
703 2265 872 2315 habent,
901 2265 1018 2316 alios,
1047 2266 1202 2316 Colchi,
1231 2266 1436 2321 generatis
1465 2279 1635 2308 amores.

259 2366 351 2406 Non
395 2366 514 2406 modo
557 2366 609 2406 ob
651 2365 888 2418 languidam
933 2371 977 2407 et
1019 2366 1258 2407 arcessitam
1288 2365 1504 2407 dictionem
1535 2365 1612 2405 scit
1640 2380 1742 2406 cura
1770 2365 1906 2414 deum,

259 2431 331 2473 sed
351 2430 498 2482 ‚etiam
537 2432 646 2486 quod
675 2431 855 2474 cinerum
884 2431 1163 2487 furiarumque
1192 2430 1459 2474 obtestationi
1487 2431 1658 2473 moleste
1686 2443 1794 2473 nova
1819 2430 1907 2473 haec

259 2497 423 2538 deorum
454 2498 758 2551 superadditur,
785 2498 849 2538 ita
876 2498 1014 2551 potius
1042 2512 1070 2538 a
1096 2503 1222 2552 poeta
1248 2498 1434 2539 relictum
1464 2497 1659 2538 arbitror:

780 2574 848 2617 Sit
876 2589 975 2617 cura
1003 2576 1136 2624 deum,
1165 2575 1221 2616 sit
1248 2575 1424 2617 blandus
1452 2573 1574 2616 Iason

519 2651 760 2706 Virginibus
788 2652 887 2694 dare
914 2652 1051 2713 vincla
1078 2652 1207 2702 novis,
1237 2656 1334 2693 cett.

366 2788 405 2817 v.
434 2772 529 2816 488.

1036 2852 1195 2893 Fremit
1220 2851 1335 2905 inpia
1360 2851 1503 2905 plebes

514 2929 713 2974 Sentibus
741 2942 922 2970 accensa
949 2930 1128 2970 stimulis
1156 2930 1397 2984 facinusque
1424 2929 1618 2983 reposcit.

519 3007 630 3057 Quin
658 3007 784 3051 etiam
812 3006 981 3050 occultae
1008 3007 1130 3061 vulgo
1157 3007 1457 3051 increbrescere
1483 3022 1625 3051 voces:

517 3083 692 3129 ”Solane
720 3085 804 3128 fida
830 3084 929 3134 suis,
957 3098 1032 3127 nos
1061 3090 1205 3128 autem
1233 3086 1275 3127 in
1304 3087 1450 3129 funera
1478 3087 1617 3128 laetae?

512 3165 606 3210 Nou
634 3165 735 3208 deus
762 3164 840 3208 hoc
867 3165 1080 3221 fatumque
1109 3166 1217 3221 quod
1245 3165 1423 3222 imperat
1450 3167 1551 3210 urbe
1579 3163 1797 3212 nefanda?
