2382 3713
676 349 807 387 Studia
833 350 972 388 Gritica
999 349 1040 386 in
1066 349 1266 396 Papiniani
1291 348 1465 387 Statium.
1853 346 1906 383 53

258 465 308 506 In
350 463 524 517 vulgata
564 462 781 517 scriptura,
824 468 872 505 ut
921 462 1101 518 aliquam
1144 462 1306 505 omnino
1350 452 1597 504 sententiam
1639 461 1909 512 obtineamus,

257 529 477 586 sequenda·
494 529 582 571 sine
610 529 734 571 dubio
760 530 949 572 Muelleri
984 529 1259 583 interpunctio
1288 534 1366 578 est,
1395 534 1444 570 ut
1471 532 1566 581 post
1593 541 1681 576 ora,
1710 541 1789 569 non
1816 534 1912 582 post

258 601 402 645 movet,
431 607 591 637 comma
616 601 807 649 ponatur,
836 602 880 638 et
906 597 1035 638 verba
1060 596 1103 638 in
1130 596 1240 637 hunc
1258 596 1447 637 modum:
1465 591 1572 636 ”sive
1585 592 1655 635 ilie
1674 594 1806 635 Erebo
1822 608 1910 636 mo-

260 657 353 703 vet'’
380 665 606 703 struantur.
663 661 816 717 Negari
844 668 983 704 tamen
1012 676 1092 705 uon
1120 667 1261 716 potest
1302 659 1634 703 molestissimam
1675 659 1783 700 hauc
1823 673 1912 701 esse

263 727 378 769 verbi
420 728 571 781 traject
580 727 713 770 ionem
756 742 887 783 neque
918 742 980 779 eo,
1009 730 1117 783 quod
1145 728 1291 771 attulit
1317 727 1382 768 vir
1411 727 1570 775 doctus,
1599 725 1787 778 exemplo
1815 726 1917 767 satis

258 793 443 844 defendi,
472 794 581 848 quod
607 794 675 836 bic
701 808 844 837 versus
870 795 1001 848 ipsius
1029 795 1306 837 modulatione
1335 807 1451 847 paene
1479 793 1661 847 cogimur
1688 796 1787 833 ante
1814 792 1912 843 sive,

260 872 342 901 non
384 864 482 901 ante
523 866 654 902 movet
681 861 917 903 subsistere.
973 861 1174 915 Equidem
1203 866 1252 902 ut
1278 859 1539 913 scripturam,
1567 871 1649 900 non
1677 857 1915 910 interpunc-

262 925 415 973 tionem
444 926 656 980 vulgatam
685 927 871 969 laborare
901 926 1090 977 arbitror,
1118 927 1182 968 ita
1209 926 1536 968 emendationem
1565 924 1754 966 omnibus
1773 936 1917 965 nume-

261 990 318 1032 ris
347 991 601 1044 probabilem
629 992 810 1034 invenire
839 1006 919 1034 non
947 993 1075 1046 potui.
1119 992 1339 1045 Temptavi
1366 997 1507 1033 tamen
1534 990 1578 1032 in
1606 990 1717 1032 hunc
1731 990 1914 1031 modum:

517 1068 605 1111 Ora
631 1074 781 1119 movet,
810 1069 896 1112 sive
924 1067 1002 1111 illa
1028 1069 1191 1112 Erebus
1218 1082 1293 1111 seu
1319 1068 1495 1111 finxerat
1522 1073 1644 1109 oestus

527 1145 777 1195 Telchinum,
804 1146 1018 1188 innumera
1045 1152 1154 1188 certe
1183 1153 1281 1188 cett.

370 1255 462 1296 Lib.
492 1256 591 1297 VH.
619 1270 658 1298 v.
686 1256 755 1297 81.

1044 1322 1132 1364 Nec
1159 1323 1282 1377 longa
1309 1328 1506 1373 moratus,

528 1398 648 1440 Sicut
675 1398 940 1449 anhelabant,
963 1399 1107 1452 juncto
1135 1401 1282 1441 sudore
1310 1400 1498 1441 volantes
1629 1449 1631 1451 ,

526 1477 642 1519 Mars
669 1477 846 1532 impellit
874 1490 998 1531 equos
1025 1477 1260 1531 residesque
1287 1475 1330 1518 in
1358 1476 1515 1531 proelia
1541 1473 1693 1529 Grajos

520 1554 617 1609 Ipse
645 1553 771 1596 etiam
798 1554 1028 1609 indignans.

266 1640 536 1685 Scribendum
566 1656 657 1686 esse
686 1649 881 1698 apparet:

528 1721 642 1762 Mars
670 1721 848 1775 impellit
875 1734 1014 1775 equos,
1042 1720 1198 1762 resides
1223 1720 1267 1762 in
1295 1720 1452 1774 proelia
1479 1720 1629 1774 Grajos

522 1799 617 1852 Ipse
646 1799 771 1841 etiam
799 1799 1030 1853 indignans.

264 1884 372 1926 Nam
408 1885 511 1927 illud
548 1901 638 1942 que,
668 1888 776 1942 quod
804 1891 900 1942 post
926 1886 1081 1929 resides
1110 1886 1268 1929 codices
1297 1866 1469 1937 addunt,
1499 1892 1671 1941 excepto
1698 1885 1828 1940 Regio
1855 1885 1919 1934 Β.,

271 1951 341 2006 qui
368 1952 553 1994 residens
582 1953 763 2003 exhibet,
791 1953 894 1995 nibil
922 1953 1035 1994 aliud
1063 1953 1142 1994 nisi
1170 1953 1381 1995 disturbat
1408 1953 1646 1996 orationem.

374 2076 414 2104 v.
446 2064 538 2105 134.

525 2141 607 2183 Ter
634 2142 840 2184 concussit
868 2155 993 2196 equos
1022 2140 1193 2198 (Mars),
1223 2142 1398 2196 clipeum
1427 2148 1492 2185 ter
1519 2148 1683 2197 pectore
1711 2141 1879 2196 plausit,

529 2215 695 2268 ”Arma,
723 2232 852 2268 arma,
881 2216 1050 2261 insani':
1080 2233 1158 2261 sua
1185 2219 1357 2274 quisque
1384 2220 1605 2275 ignotaque
1633 2220 1744 2262 nullo

522 2296 639 2338 More
666 2296 779 2350 rapit
808 2303 906 2339 cett.

265 2382 453 2426 Ridicule
481 2383 550 2426 hic
577 2398 730 2436 omnes,
760 2400 861 2441 quos
890 2387 987 2437 adii,
1018 2387 1194 2429 editores
1225 2387 1444 2437 citationis,
1463 2399 1552 2441 quae
1567 2392 1779 2436 vocantur,
1801 2385 1920 2441 signa

265 2450 403 2492 verbis
431 2466 551 2493 arma
565 2476 620 2483 —
635 2453 777 2494 insani
803 2459 1095 2507 apposuerunt,
1125 2454 1243 2508 quasi
1278 2455 1406 2503 Mars,
1436 2467 1535 2507 quos
1564 2455 1618 2495 ad
1646 2466 1823 2507 pugnam
1852 2453 1919 2493 in-

267 2516 465 2571 stigabat,
506 2518 743 2560 insanorum
785 2520 946 2561 nomine
966 2532 969 2535 ’
989 2520 1197 2561 vocaverit
1244 2525 1318 2561 aut
1360 2533 1410 2561 ex
1440 2520 1568 2572 clipeo
1597 2519 1751 2573 pectori
1779 2518 1918 2560 colliso

266 2583 443 2625 existere
485 2583 549 2626 11ae
590 2598 711 2626 voces
753 2586 976 2638 potuerint.
1031 2586 1205 2627 Poterat
1232 2585 1350 2627 ferri:
1394 2582 1546 2634 ”av-ma,
1583 2582 1735 2634 arma”,
1764 2585 1918 2634 imane,

269 2654 318 2690 ut
358 2649 655 2705 intelligeretur
697 2649 901 2692 clamant.-
943 2651 1088 2693 melius
1125 2652 1239 2694 nulla
1272 2651 1434 2693 omnino
1464 2651 1607 2693 alienoe
1635 2651 1832 2693 orationis
1860 2651 1920 2692 si-

260 2715 528 2770 gnificatione
557 2730 648 2758 cum
678 2730 724 2758 eo
754 2718 863 2771 quod
891 2718 1076 2772 sequitur
1102 2718 1219 2774 rapit
1245 2718 1332 2759 haec
1359 2719 1486 2760 verba
1514 2718 1826 2773 conjunguntur.

375 2818 414 2848 v.
446 2801 539 2849 1⁷9.

529 2883 621 2932 Quo
650 2897 769 2926 sacra
795 2889 935 2926 tamen
964 2883 1148 2938 ritusque
1178 2889 1400 2938 peremptae

530 2962 709 3006 Gentis?
763 2962 822 3004 Et
848 2961 890 3004 in
919 2962 1112 3012 tumulos,
1140 2961 1175 3003 si
1204 2961 1302 3016 quid
1330 2963 1438 3004 male
1467 2963 1581 3004 foeta
1607 2962 1776 3020 reliquit

527 3039 678 3091 Mater,
707 3038 819 3081 abire
840 3039 991 3097 jubes?
1614 3048 1616 3050 ·
