2360 3809
454 419 508 460 50
1105 422 1146 460 O.
1174 423 1219 463 E.
1248 421 1476 463 Sua-uem.

718 537 892 580 Talibus
921 538 1122 580 exanimis
1149 538 1273 581 dietis
1300 563 1355 577 -ψ-
1383 543 1427 581 et
1454 538 1575 581 triste
1602 538 1864 593 propinquat-

717 614 989 669 Supplioium‚
1017 628 1093 657 nec
1120 628 1247 670 regna
1268 616 1420 669 juvant
1447 640 1502 647 —
1531 620 1629 658 oett.

565 703 726 745 Versus
753 702 947 745 490—92
975 703 1063 745 siue
1090 703 1214 745 dubio
1243 703 1369 756 spurii
1397 709 1507 746 sunt.
1564 704 1673 746 Nam
1702 709 1746 746 et
1771 703 1874 746 illud
1902 704 2004 760 quin
2032 703 2111 745 eti·

457 784 527 810 am
570 783 737 823 prorsus
780 769 957 811 alienum
1001 769 1077 810 hoe
1119 770 1220 817 loeo,
1279 769 1350 809 ubi
1384 769 1485 810 nihil
1514 770 1567 810 ad
1597 770 1730 822 majus
1758 775 1952 823 augetur:
1981 783 2112 824 neque

456 836 565 879 enim
608 834 775 879 oeeulcoe
816 834 938 891 vulqo
994 834 1286 877 increbrescere
1340 849 1456 877 voees
1512 835 1659 877 fortius
1715 841 1780 878 est
1822 849 1959 891 quam,
2002 836 2109 891 quod

449 903 660 957 praecedit‚
689 902 847 959 fremit
889 902 1024 957 impia
1047 900 1203 956 plebes,
1233 906 1277 941 et
1306 914 1356 941 ea
1382 901 1488 954 ipsa,
1518 914 1606 955 quae
1635 901 1716 943 dici
1743 903 1965 956 finguntur,
1993 915 2109 957 paene

452 970 649 1023 languida
698 968 891 1010 videntur
933 981 1016 1021 prae
1059 967 1172 1008 brevi
1215 967 1288 1008 illa
1323 967 1531 1009 sententia
1549 967 1727 1025 sueinus
1755 967 1944 1024 reposcit.
2002 970 2106 1010 Tum

455 1035 782 1077 obscurissimum
826 1033 927 1074 illud
970 1033 1016 1073 in
1042 1032 1204 1090 funera
1232 1032 1344 1082 loetoe,
1374 1037 1416 1074 et
1445 1034 1624 1087 abrupta
1652 1034 1783 1075 oratio
1813 1035 1985 1075 extremi
2013 1047 2109 1075 ver-

412 1143 427 1152 *¹
452 1115 522 1142 sus
565 1114 618 1141 an
661 1100 823 1140 omnino
867 1099 1093 1139 continuari
1123 1099 1268 1151 possit,
1296 1099 1560 1140 vehementer
1589 1099 1770 1140 dubium.
1826 1099 1970 1153 Neque
1999 1100 2106 1141 euim

453 1168 564 1207 sinat
591 1166 657 1207 vel
686 1165 770 1206 tale
799 1163 953 1218 aliquid
983 1165 1115 1205 audiri
1143 1170 1295 1217 potest,
1324 1165 1523 1219 siquidem
1553 1179 1604 1207 ne
1633 1165 1698 1207 dei
1728 1165 1889 1219 quidem
1915 1167 2029 1207 facta
2041 1166 2108 1207 in-

454 1234 565 1273 fecta
593 1232 763 1272 reddere
791 1231 944 1271 valent.
1002 1230 1193 1283 Apparet
1220 1231 1496 1283 interpolandi
1525 1244 1690 1272 eausam
1720 1231 1861 1280 fuisse,
1890 1245 1941 1273 ne
1969 1237 2107 1285 poeta,

449 1298 484 1338 si
532 1297 667 1338 nullas
711 1296 894 1349 singulas
923 1296 1107 1337 incitatae
1143 1297 1275 1349 plebis
1304 1310 1424 1338 voees
1453 1296 1732 1350 praemisisset,
1761 1310 1975 1351 perperam
2002 1298 2105 1339 illud

448 1363 602 1405 talibus
644 1363 769 1404 dietis
811 1362 997 1416 posuisse
1042 1363 1268 1404 videretur.
1325 1363 1387 1404 At
1416 1362 1521 1404 talia
1548 1363 1663 1405 diota
1691 1369 1790 1406 sunt
1815 1363 1941 1413 dicta,
1970 1364 2109 1419 qualia

445 1431 508 1471 ita
550 1430 774 1471 animatam
820 1429 985 1470 turbam
1030 1430 1199 1470 fundere
1243 1435 1559 1471 consentaneum
1597 1435 1700 1471 erat.
1759 1430 1818 1472 Et
1844 1436 2011 1472 secutus
2040 1436 2105 1472 est

443 1497 485 1539 in
527 1495 605 1538 hoc
648 1508 805 1550 quoque
849 1495 1091 1549 Vergilium,
1135 1495 1203 1549 qui
1247 1496 1335 1536 XII
1363 1496 1466 1537 libro
1496 1496 1707 1545 AEneidos,
1736 1496 1940 1551 descripto
1968 1510 2101 1539 rerum

441 1569 558 1605 statu
596 1568 639 1604 et
667 1560 925 1615 opinionibus
955 1561 1066 1615 vulgi
1116 1562 1327 1615 expositis,
1356 1563 1479 1604 nullis
1507 1563 1675 1604 vocibus
1704 1563 1890 1616 prolatis,
1918 1563 1981 1605 ita
2008 1576 2105 1605 nar-

443 1629 643 1670 rationem
675 1627 908 1669 continuat:

706 1703 839 1751 Quem
869 1705 990 1746 simul
1021 1718 1069 1746 ac
1096 1705 1124 1746 J
1129 1711 1277 1746 uturna
1306 1718 1418 1746 soror
1448 1706 1700 1748 crebrescere
1728 1706 1835 1748 vidit

704 1781 940 1823 Sermonem
971 1788 1067 1823 cett.
1099 1782 1159 1839 (v,
1189 1782 1292 1838 222)

554 1884 592 1911 v.
622 1869 717 1911 681.

705 1948 782 1987 Ille
810 1948 949 1988 refert.
1008 1944 1230 2000 ”Equidem
1260 1961 1340 1988 non
1368 1961 1441 1989 vos
1472 1949 1524 1989 ad
1554 1948 1715 1989 moenia
1743 1948 1905 1989 Thebes

706 2023 845 2070 Rebar
874 2028 917 2064 et
944 2021 1116 2064 hostiles
1135 2023 1234 2065 hue
1253 2005 1467 2065 advenisse
1497 2008 1722 2066 catervas?

444 2109 597 2150 Varias
627 2093 750 2162 hujus
778 2110 856 2152 loci
883 2099 1260 2164 interpretationes,
1298 2124 1467 2166 quarum
1489 2091 1612 2169 ιιιιΙΙιι.
1632 2095 1725 2174 ιιοιι
1736 2077 1883 2171 verbis
1911 2111 1993 2153 vim
2023 2112 2100 2152 ad-

444 2176 539 2224 fert,
583 2188 820 2217 enumerare
864 2182 907 2217 et
948 2172 1190 2229 redarguere
1220 2176 1320 2217 nihil
1349 2178 1514 2218 attinet.
1570 2177 1667 2255 Una
1694 2174 1847 2265 littera
1864 2182 2028 2219 mutata
2056 2183 2099 2218 et

443 2246 559 2284 recta
589 2247 632 2283 et
661 2238 808 2295 aperta
835 2241 1045 2284 sententia
1072 2241 1250 2284 orietur:

702 2318 790 2360 Ille
807 2314 968 2360 refert
1006 2315 1245 2373 ”Equidem
1257 2333 1336 2361 non
1361 2327 1442 2361 vos
1464 2320 1529 2361 ad
1550 2308 1735 2370 moniis,-
1744 2311 1917 2362 ssehen

668 2397 843 2438 Rebar
869 2403 914 2437 et
942 2397 1113 2437 hostiles
1142 2397 1222 2437 huc
1246 2397 1466 2438 advenisse
1492 2403 1716 2441 eamus

439 2479 620 2524 S‘c'ilicet'
632 2482 863 2532 librarius,
873 2491 1026 2537 quum
1035 2495 1115 2525 ιιοιι
1132 2483 1416 2537 intelligeret
1414 2491 1564 2525 nostra
1591 2481 1752 2527 moenia
1773 2486 1873 2561 dici,
1901 2477 1967 2528 ad
1984 2483 2103 2528 moe-⁵·

439 2549 508 2589 nia
536 2545 770 2590 definienda
797 2546 985 2603 genitivo
1009 2550 1115 2590 easu
1143 2547 1291 2635 Thebes
1320 2548 1535 2633 scripsitz
1639 2553 1643 2564 ³
1803 2571 1808 2575 ·
1858 2561 1877 2574 ·²
1963 2564 2008 2576 -·
2053 2568 2057 2576 ι

544 2652 583 2679 v.
614 2636 709 2679 725.

698 2716 759 2758 Ut
786 2729 882 2758 vero
913 2721 956 2759 et
985 2702 1127 2759 vulfus
1155 2721 1198 2759 et
1225 2714 1345 2771 sig‘n'a
1373 2714 1519 2771 Argoa
1534 2694 1696 2759 'relieti's

695 2794 877 2836 Ensibus
906 2799 1032 2849 atque
1061 2794 1243 2837 humeris
1273 2795 1486 2837 amborum
1514 2795 1702 2837 intextus
1729 2795 1919 2856 Ιιιεοιιμξ
1984 2845 1991 2854 ὁ

697 2872 923 2922 Cesserunt,
952 2873 1105 2937 luctus
1117 2877 1218 2927 cett.

435 2957 666 2999 Durissima
707 2958 825 3001 haee
837 2965 883 3015 et
924 2973 1113 3013 prorsus
1127 2960 1336 3008 inaudita
1347 2959 1534 3014 ellipsin,
1554 2959 1620 3008 ‚si
1627 2974 1681 3008 ⁸²
1702 2966 1959 3017 metum
1987 2964 2097 3004 venit

436 3022 501 3063 vel
530 3023 615 3063 tale
645 3024 801 3078 aliquid
826 3026 1082 3078 audiendum
1109 3032 1186 3083 est.
1233 3026 1532 3087 Βᾳῐίἰιθιιῴιω
1543 3027 1773 3087 ‘'¹25¹ssth

698 3103 760 3143 Ut
786 3115 883 3153 iero
913 3103 970 3152 ad
999 3103 1138 3159 v3u1ms
1158 3104 1357 3161 semiana
1385 3104 1529 3163 Areon
1555 3102 1759 3163 quietiff„
1796 3144 1812 3152 -ψ
1839 3128 1841 3131 ⁴

694 3179 875 3224 Ensibus
905 3185 1021 3236 cett..
