2295 3605
568 989 737 1053 Studia
772 990 955 1053 critica
987 990 1034 1053 in
1068 989 1309 1061 Fannium
1344 989 1557 1053 statium.

1002 1126 1127 1161 Scripsit

853 1225 897 1271 c.
929 1224 974 1271 Ε.
1005 1224 1279 1271 sanasti-iim.

925 1456 1218 1512 Praefatio.

349 1594 565 1645 Quoniam,
594 1608 684 1650 quae
712 1596 755 1637 in
785 1596 927 1638 critica
955 1595 1152 1638 Statiana
1180 1608 1342 1637 summa
1369 1595 1546 1637 virorum
1577 1595 1789 1637 doctorum
1806 1608 1897 1637 cer-

237 1662 348 1702 nitur
376 1662 618 1710 differentia,
648 1675 698 1703 ea
726 1675 778 1703 ex
806 1663 969 1703 diversa
995 1667 1128 1715 poetoe
1153 1662 1283 1715 ipsius
1303 1662 1574 1703 aestimatione
1595 1662 1773 1703 maxime
1792 1675 1896 1715 pen-

239 1728 331 1778 det;
366 1727 409 1768 in
433 1740 528 1786 'qua
562 1728 625 1769 ita
658 1728 767 1769 inter
795 1741 885 1770 sese
915 1728 1143 1778 discedunt,
1173 1733 1221 1769 ut
1250 1727 1321 1768 alii
1350 1727 1451 1769 nihil
1479 1728 1691 1782 indignum
1720 1728 1896 1782 Papinio

238 1794 409 1847 ideoque
437 1794 480 1834 in
509 1794 689 1835 codicum
720 1795 967 1835 auctoritate
996 1795 1233 1847 plerumque
1263 1794 1614 1847 acquiescendum,
1644 1794 1714 1835 alii
1741 1807 1822 1835 non
1836 1795 1899 1835 ita

238 1859 345 1901 male
374 1861 424 1901 de
453 1865 589 1913 poeta,
618 1860 793 1912 pessime
822 1865 960 1901 autem
976 1861 1026 1902 de
1043 1860 1156 1901 libris
1172 1860 1462 1912 manuscriptis
1483 1860 1738 1901 existiment:
1755 1873 1898 1901 neces-

238 1926 390 1967 sarium
428 1926 603 1975 videtur,
632 1940 682 1967 ne
711 1939 876 1978 prorsus
904 1926 1099 1979 imparati
1127 1926 1311 1980 legentes
1341 1927 1394 1967 ad
1423 1926 1667 1967 emendandi
1697 1939 1808 1967 meos
1829 1940 1899 1967 co-

237 1996 360 2033 natus
404 1993 615 2041 accedant,
660 2005 761 2046 quas
803 1992 891 2046 ipse
928 1993 1108 2034 rationes
1151 1993 1193 2033 in
1222 1992 1301 2033 hac
1329 2005 1372 2033 re
1402 1997 1569 2034 secutus
1598 1992 1690 2042 sim,
1718 1993 1899 2035 breviter

241 2071 456 2111 exponere.

347 2126 437 2167 Hoc
464 2124 591 2179 igitur
618 2125 794 2178 primum
824 2125 962 2167 Statio
991 2125 1142 2174 tribuo,
1173 2126 1280 2179 quod
1311 2125 1390 2166 nisi
1420 2126 1472 2166 ab
1502 2125 1619 2166 initio
1649 2125 1899 2175 tribuissem,

238 2205 288 2233 ne
317 2192 528 2232 minimum
557 2191 720 2245 quidem
750 2204 882 2245 operae
909 2192 952 2233 in
984 2191 1232 2233 carminibus
1262 2192 1351 2244 ejus
1371 2191 1601 2232 tractandis
1622 2192 1899 2241 collocassem,

237 2262 286 2298 ut
313 2258 415 2298 nihil
448 2268 542 2298 'eum
580 2270 745 2309 prorsus
781 2258 903 2299 inane
933 2258 1222 2306 absurdumw,
1252 2257 1354 2298 nihil
1384 2257 1601 2298 sententiae
1630 2271 1714 2298 suae
1743 2258 1898 2299 directo

238 2323 498 2371 contrarium,
541 2323 642 2364 nihil
684 2336 818 2364 rerum
847 2328 1004 2365 naturae
1041 2323 1259 2364 manifeste
1288 2335 1520 2376 repugnans
1549 2323 1718 2372 dixisse,
1747 2324 1790 2365 id
1820 2330 1897 2373 est,

238 2394 286 2429 ut
312 2402 416 2429 sana
443 2394 580 2429 mente
604 2389 735 2433 ‚fuisse
765 2390 1009 2442 easdemque
1039 2402 1141 2442 quas
1172 2394 1329 2429 ceteros
1357 2389 1541 2429 homines
1562 2389 1770 2442 cogitandi
1785 2390 1896 2443 leges

236 2459 422 2495 secutum
466 2467 555 2494 esse
598 2455 853 2495 contendam.
912 2454 1031 2500 Quod
1076 2459 1122 2494 ut
1157 2455 1200 2494 in
1229 2454 1309 2494 alio
1339 2454 1482 2506 quovis
1511 2454 1711 2506 scriptore
1739 2456 1803 2495 ita
1830 2456 1897 2495 di-

236 2523 345 2561 serte
380 2532 529 2573 ponere
563 2532 910 2572 supervacaneum
940 2525 1043 2569 erat,
1071 2520 1134 2560 ita
1160 2519 1203 2560 in
1232 2519 1309 2561 hoc
1337 2532 1416 2560 non
1446 2519 1533 2561 sine
1564 2533 1692 2561 causa
1722 2533 1749 2562 a
1777 2521 1896 2562 nobis

237 2586 348 2639 poni,
377 2586 446 2640 qui
475 2585 660 2626 libellum
690 2599 825 2626 meum
855 2587 1115 2640 perlegerint,
1145 2586 1266 2627 facile
1295 2591 1530 2639 agnoscent.

348 2652 507 2694 Deinde
536 2656 579 2692 et
608 2650 736 2706 latine
766 2652 946 2692 locutum
976 2665 1066 2693 esse
1095 2652 1272 2692 arbitror
1293 2657 1335 2692 et
1354 2651 1417 2691 ita
1432 2657 1589 2704 aperte,
1606 2657 1653 2693 ut
1668 2653 1793 2693 etiam
1809 2653 1898 2694 sine

236 2718 460 2772 interprete
487 2717 661 2770 intelligi
689 2721 841 2770 posset.
899 2716 1159 2771 Quamquam
1188 2717 1231 2757 in
1260 2729 1445 2758 sermone
1474 2717 1640 2771 quidem
1670 2719 1759 2771 eJus
1788 2719 1899 2773 diju-

237 2785 411 2826 dicando
441 2797 592 2837 magna
619 2783 852 2824 adhibenda
880 2783 1016 2823 cautio
1046 2788 1122 2831 est,
1152 2796 1216 2831 ne,
1245 2783 1280 2822 si
1309 2783 1407 2835 quid
1422 2783 1667 2825 insolentius
1684 2790 1760 2826 aut
1774 2786 1899 2838 plane

238 2864 343 2893 novo
371 2863 482 2892 more
510 2849 665 2891 dictum
693 2848 990 2897 offenderimuS,
1015 2849 1158 2889 statim
1174 2853 1387 2902 tamquam
1402 2849 1596 2891 vitiosum
1612 2863 1662 2892 ac
1678 2851 1899 2894 barbarum

237 2930 445 2959 removere
475 2929 675 2958 conemur.
718 2916 826 2956 Nam
854 2927 982 2955 novas
1010 2915 1168 2968 aliquot
1196 2919 1239 2955 et
1266 2919 1498 2956 structuras
1520 2917 1738 2958 verborum
1769 2924 1813 2960 et
1841 2919 1901 2960 si·-

242 2983 522 3038 gniflcationes
552 2982 662 3036 apud
678 2994 768 3023 eum
782 2980 953 3022 inveniri
975 2980 1243 3022 certissimum
1266 2985 1343 3030 est,
1358 2986 1633 3037 praeterquam
1649 2985 1758 3038 quod
1773 2986 1900 3027 verba

238 3050 364 3091 etiam
392 3049 590 3091 nonnulla
615 3049 681 3090 vel
710 3048 864 3101 primus
891 3047 1107 3100 usurpavit
1133 3047 1200 3087 vel
1228 3047 1361 3097 solus3
1390 3062 1521 3102 neque
1552 3050 1704 3091 desunt
1732 3052 1810 3092 loci
1837 3052 1901 3091 ita

239 3120 441 3171 suspectae
486 3115 729 3165 latinitatis,
772 3119 820 3156 ut
859 3113 990 3156 tutius
1027 3112 1227 3167 judicium
1271 3119 1457 3157 nostrum
1501 3116 1776 3170 prolatemus,
1819 3131 1900 3160 non
