2390 3750
658 396 791 433 studia
817 396 958 434 crffioe
982 397 1025 434 in·
1046 397 1250 444 Pupiniam
1278 396 1453 435 sutiam.
1844 398 1897 436 5⁹

1037 508 1226 565 Hospita
1253 508 1419 550 laudem

486 586 488 588 ’
513 583 723 637 Praecepit
747 584 901 627 virtus:
930 598 1039 628 nunc
1062 586 1215 628 saltem
1244 586 1455 628 exsolvere
1483 586 1549 627 sas
1576 584 1649 639 sit,

511 660 614 709 Quae
642 662 785 704 merui.

359 762 399 790 v.
428 748 523 791 338.

508 828 580 871 Me
609 827 815 877 miseram,
842 828 995 871 vinces.
1051 829 1175 871 Prius
1201 829 1291 871 baec
1317 834 1457 871 tamen
1487 842 1604 871 arms
1631 842 1797 870 necesse
1826 835 1890 871 est

508 904 737 958 Experiare
764 905 887 947 domi.

244 993 351 1036 Uter
378 997 516 1034 utrum
544 992 727 1033 victurus
756 997 879 1043 esset,
908 997 1042 1035 mater
1069 993 1172 1035 scire
1201 1006 1283 1035 non
1311 998 1488 1047 poterat.
1531 993 1681 1035 Melius
1698 990 1905 1034 ”Vincis!”

249 1060 468 1107 exclamat,
513 1072 637 1111 quum
681 1059 810 1100 filium
857 1060 1105 1113 contemptis
1141 1060 1332 1112 precibus
1360 1060 1445 1101 suis
1473 1074 1598 1114 seque
1626 1060 1720 1113 ipsa
1748 1065 1908 1101 remota

245 1125 288 1168 in
317 1137 506 1179 eampum
535 1129 772 1178 pergentem
801 1124 928 1166 videt.

359 1224 400 1255 v.
429 1210 525 1255 642.

509 1290 628 1331 Illius
657 1290 754 1331 exili
783 1289 1026 1332 stridentem
1055 1291 1097 1331 in
1125 1297 1290 1344 pectore
1318 1292 1481 1345 plagam

510 1369 673 1410 Ismene
703 1368 887 1422 collapsa
914 1382 1038 1422 super
1060 1364 1324 1423 lacrimisque
1353 1369 1559 1423 comisque

511 1443 708 1487 Siccabat
734 1445 955 1500 plangens}
986 1446 1118 1500 qualis
1147 1446 1440 1488 Marathonide
1468 1446 1574 1487 silva

508 1522 680 1564 Flebilis
708 1523 886 1578 Erigone
915 1523 1007 1565 caesi
1037 1537 1162 1578 prope
1192 1524 1337 1565 funera
1364 1524 1494 1578 patris

513 1600 740 1647 Questibus
769 1601 999 1655 absumptis
1028 1602 1190 1642 tristem
1211 1603 1304 1655 jam
1332 1602 1487 1642 solvere
1516 1602 1668 1642 nodum

513 1678 719 1732 Coeperat
747 1683 790 1719 et
818 1679 946 1720 fortes
974 1691 1111 1720 ramos
1140 1679 1338 1720 moritura
1365 1678 1542 1732 legebat.

248 1788 341 1829 Non
383 1792 495 1830 recte
536 1788 709 1830 Ismenae
755 1788 889 1830 adhuc
930 1788 1143 1843 plangenti
1184 1788 1360 1843 Erigone
1398 1787 1649 1842 consumptis
1679 1789 1905 1842 quaestibus

250 1859 523 1908 comparatur,
567 1868 698 1909 neque
740 1855 897 1897 solvere
940 1856 1091 1897 nodum
1136 1855 1400 1908 suspendium
1444 1868 1611 1908 parans,
1640 1856 1714 1896 sed
1742 1861 1905 1898 nectere

249 1920 410 1962 dicitur.
468 1920 603 1963 Scribi
632 1922 776 1963 debet:

755 1997 757 2000 ·
1035 1988 1168 2041 qualis
1196 1987 1484 2029 Marathonide
1512 1988 1619 2029 silva

511 2065 684 2107 Flebilis
712 2066 890 2119 Erigone
920 2066 1014 2107 caesi
1042 2079 1168 2119 prope
1198 2067 1344 2107 funera
1372 2066 1522 2118 patris:

511 2140 738 2190 Questibus
768 2142 999 2197 absumptis
1028 2142 1189 2185 tristem
1213 2142 1302 2197 jam
1318 2141 1475 2185 volvere
1493 2142 1643 2185 nodum

512 2220 717 2273 Coeperat
751 2225 794 2260 et
822 2221 949 2261 fortes
978 2233 1114 2261 ramos
1142 2220 1341 2261 moritura
1370 2221 1545 2274 legebat.

250 2317 439 2358 Extremi
481 2332 625 2360 versus
668 2320 889 2368 adduntur,
932 2324 992 2368 ut,
1037 2319 1181 2373 quanti
1211 2325 1380 2373 questus
1409 2320 1496 2372 ejus
1525 2319 1689 2366 fuerint,
1719 2331 1770 2358 ex
1799 2319 1904 2359 faci-

249 2395 345 2424 nore
387 2384 619 2437 absumptis
661 2385 875 2439 questibus
918 2390 1157 2439 perpetrato
1200 2386 1464 2439 intelligatur.
1541 2383 1707 2426 Volvere
1749 2384 1902 2425 nodum

251 2447 338 2490 scil.
368 2449 517 2492 animo.

361 2537 463 2588 XII,
491 2552 530 2581 v.
560 2536 726 2583 86-8'7
753 2541 816 2582 ita
844 2540 1142 2596 distinguendi:

512 2619 571 2659 Et
599 2633 707 2660 nunc
736 2619 931 2673 OEdipodi
960 2633 1036 2673 par
1064 2625 1130 2661 est
1157 2621 1322 2660 fortuna
1350 2617 1498 2658 doloris

511 2695 577 2737 Ac
605 2697 733 2738 mihi?
776 2696 912 2744 Quam
941 2697 1095 2739 similes
1124 2697 1332 2752 gemimus,
1361 2696 1464 2736 bone
1487 2694 1694 2749 Juppiter,
1710 2696 1900 2738 umbras!

359 2783 400 2811 v.
429 2767 524 2813 3⁷8.
1608 2760 1612 2762 ’
1867 2791 1890 2809 0

513 2849 668 2906 Junge,
697 2864 786 2906 age,
811 2851 939 2907 junge
967 2853 1104 2902 fidem,
1133 2851 1265 2905 proles
1294 2862 1366 2903 ego
1395 2849 1502 2904 regis
1530 2848 1720 2899 Adrasti,

512 2928 593 2968 Hei
621 2928 735 2977 mihi,
763 2930 955 2984 numquis
984 2929 1132 2971 adest?
1157 2952 1212 2959 —-
1241 2927 1324 2968 cari
1351 2927 1559 2981 Polynicis
1588 2928 1643 2969 ad
1670 2928 1802 2981 ignes,

511 3005 606 3047 Etsi
632 3020 760 3060 regna
786 3012 945 3049 vetant.

252 3079 323 3122 Sic
364 3080 486 3136 vulgo
530 3083 708 3127 editores
743 3090 787 3126 et
814 3085 960 3127 volunt
988 3083 1117 3127 audiri
1145 3082 1250 3131 veni,
1289 3081 1397 3135 quod
1426 3095 1523 3123 num
1552 3081 1616 3124 its.
1643 3084 1782 3126 omitti
1810 3100 1909 3141 pos-

252 3148 322 3198 sit,
351 3148 454 3191 satis
484 3150 651 3196 dubium
681 3153 858 3196 videtur.
901 3153 1005 3195 Mihi
1033 3150 1284 3206 probabilius
1312 3154 1378 3192 est
1405 3150 1468 3190 ita
1495 3156 1661 3204 poetam
1682 3153 1907 3208 scripsisse:
