2369 3741
493 421 545 460 40
1144 421 1185 462 C.
1215 421 1256 462 E.
1286 413 1513 463 Sandstrom.

493 538 692 589 subierat,
723 539 902 582 amissio.
960 538 1231 582 Scribendum
1262 544 1327 581 est
1356 544 1539 582 correcta
1564 537 1896 594 interpunctione
1926 540 1969 580 et
1982 548 2066 579 una
2080 534 2153 578 lit-

492 610 585 646 tera
613 610 799 647 mutata:

757 680 864 725 ”Sed
893 680 1033 737 pater”
1062 706 1116 712 —
1144 683 1258 724 Ante
1286 682 1371 736 igni
1400 683 1588 735 ferroque
1618 683 1758 723 excisa
1778 682 1937 735 jacebit

759 761 909 815 Scyros
939 766 982 802 et
1008 760 1052 801 in
1082 760 1263 801 tumidas
1290 760 1412 801 ibunt
1438 758 1527 800 haec
1554 772 1676 801 versa
1703 758 1904 813 procellas

758 837 924 878 Moenia
953 849 1074 891 quam
1104 848 1211 877 saevo
1241 848 1334 876 mea
1361 840 1409 876 tu
1439 834 1642 877 connubia
1661 835 1828 892 pendas

754 915 929 955 Funere.

497 988 601 1032 ”Sed
644 987 796 1044 pater”‚
840 991 955 1040 dicis,
999 987 1151 1044 ”pater‚
1195 989 1230 1030 si
1265 988 1462 1037 rescierit,
1492 983 1682 1029 occidet”.
1739 987 1833 1030 Non
1862 987 2009 1039 faciet;
2037 988 2151 1043 prius

496 1070 529 1098 e.
561 1070 599 1110 q.
629 1070 662 1097 s.
719 1056 888 1098 Pendas
914 1056 1035 1098 Lind.
1067 1056 1182 1097 codd.
1213 1054 1422 1096 exhibent.

605 1144 697 1185 Lib.
727 1145 781 1186 II.
815 1143 907 1184 144.
937 1142 1007 1184 ubi
1037 1143 1087 1184 de
1116 1141 1315 1195 vigilante
1344 1142 1469 1184 Ulixe
1498 1141 1669 1183 dicitur:

758 1221 970 1275 lucemque
1000 1220 1116 1274 cupit
1143 1232 1366 1273 somnoque
1396 1224 1592 1274 gravatur

491 1298 738 1350 persuadere
781 1299 881 1340 mihi
925 1312 1004 1340 non
1048 1310 1215 1351 possum
1258 1302 1345 1338 tam
1391 1296 1587 1350 ambigue
1630 1295 1741 1350 loqui
1769 1302 1934 1350 poetam
1963 1297 2154 1347 voluisse,

493 1376 618 1416 quum
648 1364 791 1405 liceret
818 1365 1016 1406 scribere:
1046 1377 1314 1419 somnumque
1337 1368 1553 1419 yravatur.

1109 1539 1542 1604 Thebais.

599 1643 692 1685 Lib.
724 1644 758 1685 Ι.
787 1643 870 1686 266
899 1658 988 1700 sqq.

753 1721 873 1768 Quod
903 1723 938 1764 si
967 1723 1104 1776 prisca
1132 1723 1253 1764 luunt
1282 1728 1505 1763 auctorum
1536 1721 1708 1763 crimina
1733 1724 1876 1774 gentes

755 1799 1039 1854 Subvenitque
1068 1801 1152 1841 tuis
1182 1813 1275 1841 sera
1301 1800 1389 1841 haec
1419 1799 1630 1841 sententia
1658 1798 1765 1840 curis

752 1877 1001 1919 Percensere
1030 1878 1107 1919 aevi
1136 1878 1307 1926 senium,
1338 1890 1416 1931 quo
1449 1882 1633 1930 tempore
1662 1875 1830 1917 tandem

754 1954 972 1996 Terrarum
1002 1955 1131 1997 furias
1161 1955 1324 1997 abolere
1354 1960 1397 1996 et
1427 1954 1581 1996 saecula
1607 1958 1716 1994 retro

754 2032 987 2073 Emendare
1016 2038 1084 2073 sat
1112 2038 1188 2073 est.
1244 2033 1496 2073 Jamdudum
1532 2032 1584 2072 ab
1614 2031 1780 2072 sedibus
1808 2030 1890 2071 illis

754 2110 896 2163 Incipe
925 2115 1035 2151 cett.⁴

496 2185 685 2228 Correxit
726 2187 962 2241 Madvigius
1006 2202 1033 2228 a
1062 2200 1141 2243 quo
1170 2193 1361 2243 tempore.
1419 2185 1503 2228 Sed
1533 2198 1656 2241 quum
1685 2186 1728 2228 in
1756 2185 1824 2236 iis,
1853 2198 1941 2241 quae
1970 2199 2150 2241 sequun-

497 2257 565 2293 tur
608 2251 668 2307 (v.
713 2249 941 2309 273-79),
971 2254 1085 2294 nulla
1114 2253 1365 2294 diversorum
1396 2258 1624 2306 temporum
1654 2253 1760 2294 ratio
1788 2252 1992 2294 habeatur
2020 2266 2151 2307 neque

495 2318 582 2360 ulla
625 2320 679 2360 ad
723 2320 957 2374 antiquiora
999 2320 1051 2361 ab
1088 2319 1380 2361 recentioribus
1410 2324 1612 2373 appareat
1641 2319 1880 2374 progressio,
1910 2318 2062 2361 rectius
2090 2318 2153 2360 ita

495 2385 618 2425 scribi
646 2385 961 2440 interpungique
992 2387 1131 2427 credo:

757 2463 1003 2505 Percensere
1032 2463 1108 2504 aevi
1137 2463 1293 2505 senium
1324 2470 1444 2519 atque
1472 2462 1545 2505 hoc
1574 2468 1756 2517 tempore
1784 2464 1951 2505 tandem
1983 2494 1993 2505 .
2013 2494 2022 2505 .
2041 2494 2050 2504 .

757 2539 989 2582 Emendare
1019 2545 1086 2582 sat
1116 2545 1201 2583 est:
1226 2541 1469 2594 jamdudum
1500 2542 1553 2583 ab
1583 2541 1749 2583 sedibus
1777 2541 1860 2582 illis

757 2617 910 2670 Incipe.

498 2695 547 2734 In
578 2707 625 2734 eo
656 2693 763 2734 enim
793 2695 970 2737 maxime
999 2701 1182 2737 moratur
1210 2701 1253 2737 et
1281 2696 1410 2738 haeret
1436 2696 1559 2746 Juno,
1589 2698 1697 2750 quod
1726 2702 1827 2738 tunc
1855 2698 2017 2739 demum
2047 2696 2149 2739 illud

496 2759 711 2801 consilium
744 2760 897 2813 ceperit
924 2761 1101 2816 Jupiter,
1132 2763 1238 2817 quod
1267 2776 1347 2805 non
1384 2763 1513 2805 multo
1543 2767 1640 2805 ante
1668 2763 1793 2805 istam
1824 2763 2150 2805 emendationem

496 2826 552 2867 sit
581 2839 817 2880 aggressus,
846 2829 918 2869 sed
948 2830 1000 2870 ad
1028 2829 1105 2871 hoc
1133 2830 1269 2883 potius
1299 2835 1463 2884 tempus
1492 2830 1714 2880 distulerit,
1744 2843 1866 2884 quum
1898 2844 1978 2872 non
2007 2830 2150 2884 ipsius,

497 2893 570 2933 sed
607 2892 779 2934 aliorum
814 2894 979 2936 deorum
1018 2897 1193 2938 cultores
1223 2902 1361 2938 essent
1389 2896 1621 2951 affligendi:
1651 2902 1700 2938 ut
1727 2902 1942 2940 moveatur
1969 2897 2147 2950 suspicio

493 2972 574 3000 non
619 2959 828 3001 hominum
871 2974 1003 3003 mores
1046 2976 1137 3004 eum
1181 2977 1335 3014 curare,
1379 2964 1451 3005 sed
1494 2963 1647 3005 Bacchi
1692 2968 1735 3004 et
1776 2962 1950 3005 Junonis
1992 2963 2150 3005 invidia

492 3039 658 3067 moven.

603 3128 642 3155 V.
672 3113 765 3156 345.

754 3181 932 3224 Densior
961 3196 987 3224 a
1014 3185 1133 3226 terris
1163 3190 1205 3227 et
1233 3185 1335 3227 nulli
1364 3184 1507 3240 pervia
1534 3185 1708 3227 flammae

755 3259 952 3303 Subtexit
980 3275 1060 3305 nox
1089 3268 1181 3305 atra
1208 3264 1336 3320 polos.
