2324 3765
431 421 456 448 n
1074 411 1113 447 G.
1144 410 1186 448 E.
1216 411 1442 447 Sandstrom.

432 527 566 562 totum
604 523 826 565 latinarum
864 524 1094 566 litterarum
1126 536 1284 578 corpus,
1313 525 1387 565 sed
1416 529 1556 578 partes
1585 523 1870 564 tantummodo
1901 527 1943 563 et
1972 521 2088 577 quasi

433 590 619 631 membra
662 592 714 632 ad
759 596 940 632 nostram
982 597 1147 632 aetatem
1177 592 1411 643 pervenisse
1440 591 1715 631 recordantes.
1772 591 1927 630 Verum
1958 589 2087 631 enim-

431 669 543 706 vero,
574 670 663 711 quae
706 658 767 698 ita
810 662 1055 711 comparatae
1097 657 1162 698 vel
1206 662 1423 698 structurae
1453 657 1518 698 vel
1548 656 1773 698 locutiones
1802 661 1912 705 sunt,
1941 661 1988 698 ut
2016 669 2086 698 eas

433 736 513 764 non
552 725 670 764 modo
700 725 854 765 nullum
887 725 1133 776 exemplum,
1163 725 1235 763 sed
1265 737 1315 763 ne
1345 724 1570 763 similitudo
1601 724 1763 776 quidem
1793 724 1880 763 ulla
1908 728 2086 771 tueatur,

434 801 604 843 quaeque
635 803 714 830 non
744 790 861 830 modo
892 790 943 830 ab
974 802 1049 829 usu
1079 794 1121 829 et
1151 789 1457 836 consuetudine,
1486 789 1558 829 sed
1589 789 1714 829 etiam
1744 789 1797 829 ab
1826 789 1986 842 ingenio
2010 801 2086 829 na-

433 860 608 908 turaque
637 855 832 896 sermonis
862 855 1095 902 abhorrent,
1119 866 1176 894 eae
1192 854 1279 894 sine
1296 855 1381 894 ulla
1397 854 1653 894 dubitatione
1669 854 1933 906 explodendae
1951 854 2085 906 rejici-

435 921 628 974 endaeque
657 925 765 968 sunt,
781 933 924 974 neque,
942 920 976 960 si
991 920 1056 960 vel
1072 919 1396 973 pertinacissime
1413 919 1677 960 emendatrici
1694 919 1831 960 manui
1846 919 2086 968 restiterint,

433 987 474 1027 id
505 987 555 1027 iis
585 988 636 1028 ad
659 987 729 1040 jus
744 986 966 1027 latinitatis
982 986 1246 1027 obtinendum
1263 987 1455 1039 prodesse
1471 990 1646 1038 oportet,
1699 986 1976 1027 Obscuritatis
1993 999 2087 1027 vero

433 1053 616 1102 infamia,
646 1066 727 1106 qua
755 1065 906 1106 magna
941 1066 1040 1093 sane
1070 1052 1233 1094 Statius
1263 1053 1438 1101 laborat,
1456 1052 1607 1093 casine
1624 1053 1747 1093 dubio
1764 1053 1892 1101 exiis,
1909 1053 2084 1094 maxime

432 1119 640 1168 silvarum,
671 1119 767 1160 locis
797 1125 941 1160 exorta
971 1125 1047 1167 est,
1079 1133 1192 1172 quos,
1211 1132 1333 1172 quum
1359 1119 1538 1171 corrupti
1562 1124 1712 1168 essent,
1729 1119 1932 1171 explicare
1948 1125 2085 1160 tamen

433 1198 553 1239 quam
598 1186 813 1227 emendare
858 1186 967 1226 docti
1011 1185 1086 1226 viri
1117 1185 1361 1226 maluerunt.
1422 1186 1543 1227 Certe
1572 1185 1614 1226 in
1644 1185 1874 1226 Achilleide
1905 1190 1947 1226 et
1976 1185 2085 1226 The-

430 1251 563 1300 baide,
608 1253 675 1293 ubi
720 1258 763 1293 et
791 1252 941 1294 multos
973 1252 1130 1294 codices
1161 1258 1203 1293 et
1232 1253 1358 1293 bonos
1387 1252 1600 1301 habemus,
1630 1252 1755 1293 nihilo
1785 1252 1934 1305 saepius
1965 1265 2084 1306 quam

428 1319 469 1358 in
500 1319 579 1359 alio
610 1319 753 1372 quovis
783 1319 960 1360 carmine
998 1319 1154 1371 peritus
1184 1319 1353 1372 poeticae
1384 1318 1573 1359 dictionis
1602 1319 1731 1359 lector
1758 1318 1949 1368 haerebit3
1980 1319 2085 1359 unde

429 1385 554 1426 etiam
582 1385 843 1438 interpretes,
871 1385 913 1426 in
950 1385 1075 1427 Silvis
1105 1390 1320 1438 tantopere
1350 1386 1614 1433 desudantes,
1644 1398 1769 1438 quum
1799 1386 1851 1426 ad
1881 1385 1966 1426 haec
1997 1398 2086 1432 car—

429 1451 540 1493 mina
568 1457 810 1505 perventum
842 1457 918 1501 est,
949 1452 1031 1493 otio
1061 1453 1253 1493 fruuntur
1282 1451 1496 1500 altissimo,
1527 1456 1614 1500 aut,
1645 1451 1679 1492 si
1709 1451 1806 1505 quid
1837 1451 1987 1493 laboris
2006 1451 2083 1493 ha-

428 1518 541 1568 bent,
569 1518 612 1559 id
640 1518 681 1559 in
712 1518 847 1568 rebus,
878 1531 956 1560 non
985 1518 1026 1559 in
1056 1517 1192 1560 verbis
1220 1517 1477 1559 illustrandis
1507 1517 1675 1559 habent.
1734 1517 1791 1558 Et
1821 1518 2085 1571 quemadmo-

428 1586 524 1624 dum
570 1585 716 1624 ceteris
759 1586 1040 1638 scriptoribus,
1076 1585 1138 1624 ita
1167 1597 1266 1624 sane
1297 1585 1434 1624 Statio
1465 1597 1624 1637 quoque
1654 1585 1790 1636 potuit
1814 1585 2009 1633 accidere,
2038 1590 2083 1623 ut

428 1651 562 1692 minus
605 1651 817 1703 perspicue
855 1665 1157 1704 nonnumquam
1203 1653 1309 1704 quod
1339 1652 1477 1699 vellet,
1507 1651 1732 1703 praesertim
1765 1651 1980 1699 festinans,
2011 1664 2083 1691 ex-

426 1717 641 1770 primeret:
672 1717 834 1758 omnino
864 1717 1082 1758 tenebrosa
1111 1722 1154 1757 et
1181 1717 1443 1771 aenigmatum
1475 1717 1598 1758 simili
1628 1717 1811 1759 oratione
1835 1717 2082 1758 delectatum

427 1785 552 1824 fuisse
582 1784 683 1824 nihil
712 1784 874 1824 invenio
904 1797 975 1824 cur
1003 1789 1157 1836 putem.

536 1851 632 1892 Jam
677 1863 771 1891 vero
815 1855 939 1904 poeta
983 1850 1115 1905 qualis
1145 1851 1212 1900 sit,
1243 1856 1378 1893 utrum
1409 1857 1495 1893 tam
1525 1852 1655 1894 bonus
1687 1866 1806 1907 quam
1837 1852 2082 1894 Marklando

428 1919 603 1967 videtur,
634 1917 716 1971 qui,
746 1919 940 1971 quamdiu
971 1918 1201 1967 eruditioni,
1232 1919 1410 1968 candori,
1441 1920 1734 1961 benevolentiae
1765 1925 1807 1961 et
1833 1919 2083 1960 humanitati

428 1999 526 2026 suus
542 1998 759 2026 mansurus
776 1985 831 2025 sit
845 1985 985 2033 honor,
1002 1985 1159 2026 tamdiu
1177 1985 1354 2026 cordatis
1368 1986 1600 2027 hominibus
1616 1991 1778 2040 gratum
1796 2000 1886 2028 eum
1900 1988 2081 2027 futurum

428 2065 517 2092 esse
563 2051 761 2103 praedicit,
792 2064 844 2091 an
875 2051 1075 2103 pessimus
1106 2057 1148 2091 et
1177 2065 1227 2092 ex
1257 2053 1365 2092 omni
1403 2058 1521 2104 parte
1553 2054 1874 2093 contemnendus
1905 2059 1947 2093 et
1976 2066 2080 2105 qua-

426 2118 505 2159 lem
543 2130 673 2170 nuper
708 2117 750 2157 in
789 2117 1033 2158 adversariis
1063 2118 1241 2158 breviter
1271 2119 1486 2171 descripsit
1514 2119 1761 2172 Madvigius:
1781 2132 1871 2160 eam
1888 2119 2081 2172 quaestio-

427 2197 519 2224 nem
567 2188 821 2236 pertractare
865 2196 944 2223 non
988 2184 1108 2234 hujus
1145 2184 1340 2236 temporis
1371 2190 1455 2233 est;
1485 2185 1662 2225 sufficiet
1691 2185 1899 2237 proposito
1929 2190 2081 2234 nostro,

427 2263 517 2303 quae
553 2251 594 2290 in
625 2249 703 2290 hac
732 2255 854 2290 tanta
883 2249 1133 2290 dissensione
1163 2254 1302 2290 tamen
1332 2251 1518 2291 omnibus
1547 2264 1645 2291 vera
1674 2251 1803 2292 videri
1833 2251 1999 2304 debent,
2029 2253 2081 2292 ad

426 2329 516 2369 quae
553 2317 642 2356 sola
671 2316 735 2355 vel
766 2315 943 2355 maxime
974 2329 1186 2355 censuram
1216 2316 1437 2355 direximus
1467 2322 1662 2364 nostram,
1692 2330 1928 2369 proponere.
1972 2317 2080 2357 Nam

427 2389 470 2425 et
513 2383 581 2437 qui
624 2382 844 2435 plurimum
874 2381 1012 2423 Statio
1043 2382 1313 2430 delectantur,
1343 2387 1480 2424 tamen
1510 2397 1626 2424 suum
1659 2384 1862 2437 quendam
1893 2383 2079 2433 colorem,

425 2462 541 2490 suam
573 2449 734 2490 dicendi
765 2448 1059 2501 proprietatem
1083 2461 1173 2488 eum
1190 2448 1341 2488 habere
1359 2453 1401 2488 et
1416 2449 1468 2488 ab
1484 2449 1558 2489 illa
1573 2450 1769 2490 laudabili
1786 2462 1943 2499 norma,
1959 2463 2081 2503 quam

424 2516 604 2569 Augusti
647 2520 772 2556 aetate
816 2515 996 2567 optimus
1041 2515 1210 2567 quisque
1240 2520 1364 2566 poeta
1392 2521 1556 2555 secutus
1587 2522 1663 2564 est,
1691 2517 1803 2557 haud
1832 2529 1977 2568 parum
2007 2517 2081 2557 de-

423 2582 585 2623 flexisse
631 2581 877 2630 concedunt3
922 2585 965 2621 et
1008 2580 1076 2634 qui
1121 2580 1380 2621 acerbissime
1423 2581 1737 2633 reprehendunt,
1782 2582 1972 2636 quoniam
2002 2595 2081 2623 non

424 2648 559 2689 omnia
604 2648 640 2688 ei
681 2647 798 2694 vitia,
827 2648 899 2687 sed
945 2652 1099 2687 certum
1146 2647 1349 2699 quoddam
1380 2660 1507 2699 genus
1537 2648 1759 2699 objectant,
1790 2654 1837 2688 ut
1865 2649 2078 2689 verborum

423 2714 801 2767 sententiarumque
831 2718 1044 2762 tumorem,
1074 2714 1293 2767 figurarum
1325 2726 1447 2767 quum
1478 2713 1737 2755 crebritatem
1768 2719 1856 2756 tum
1887 2715 2012 2757 etiam
2028 2714 2081 2756 li-

425 2781 614 2828 centiam,
659 2781 896 2821 affectatam
941 2780 1115 2833 denique
1153 2785 1195 2820 et
1225 2780 1382 2832 longius
1413 2780 1652 2820 arcessitam
1683 2781 1964 2830 elocutionem,
1993 2782 2081 2822 haec

423 2847 527 2900 ipsa,
558 2847 739 2901 inquam,
769 2846 1009 2899 objicientes
1040 2845 1242 2887 contrario
1272 2846 1462 2887 vitiorum
1479 2859 1626 2900 genere
1642 2846 1874 2889 absolvunt.
1920 2847 2079 2895 Quam-

425 2914 575 2960 obrem,
606 2919 651 2953 ut
680 2913 825 2960 multa,
856 2925 944 2965 quae
973 2913 1013 2952 in
1044 2913 1216 2953 Horatio
1247 2918 1321 2952 aut
1349 2913 1532 2966 Vergilio
1562 2918 1774 2965 tamquam
1804 2919 1997 2966 corrupta
2011 2919 2079 2954 at-

426 2991 502 3031 que
531 2979 675 3019 inflata
703 2979 968 3020 vehementer
997 2979 1262 3027 offenderent,
1284 2979 1333 3030 ,in
1363 2979 1501 3021 Statio
1531 2983 1642 3020 recte
1667 2979 1853 3020 feruntur
1867 2993 1998 3033 neque
2014 2980 2079 3020 ul—

426 3044 507 3084 lam
553 3045 685 3085 mendi
730 3044 1002 3099 suspicionem
1047 3049 1227 3094 movent,
1255 3044 1318 3085 ita
1348 3058 1397 3086 ne
1427 3045 1468 3086 in
1499 3045 1577 3086 hoc
1607 3044 1785 3098 quidem,
1817 3058 1906 3100 quae
1937 3059 1963 3086 a
1990 3051 2079 3087 toto

425 3123 570 3162 genere
615 3112 700 3163 ejus
744 3112 967 3152 abhorrent
1004 3116 1044 3151 et
1089 3113 1142 3151 ad
1171 3112 1380 3165 vulgarem
1411 3112 1549 3164 potius
1578 3111 1891 3165 inornatamque
1929 3118 1971 3153 et
1998 3113 2077 3153 hu-

424 3177 480 3219 mi
523 3182 730 3230 repentem
777 3178 1002 3220 orationem
1047 3177 1267 3231 pertinent,
1315 3178 1436 3220 nimis
1479 3177 1689 3232 patienter
1717 3178 1883 3221 tolerari
1913 3179 2076 3222 debent.
