2420 3763
468 387 520 423 46
1117 388 1157 426 Ο.
1187 389 1230 427 Ε.
1259 387 1488 427 Sandetrsm.

575 514 615 541 v.
645 500 740 542 360.

993 583 1151 623 Tamen
1182 587 1225 623 et
1252 582 1419 623 Boeotis
1449 580 1618 622 urbibus
1647 578 1776 621 ultrix

729 657 936 711 Adspirat
963 659 1060 700 ferri
1088 659 1238 707 rabies,
1267 671 1343 699 uec
1370 658 1478 712 regis
1505 657 1635 711 iniqui

732 735 939 783 Subsfflio,
970 741 1168 788 quantum
1198 735 1309 775 socia
1336 747 1410 787 pro
1439 739 1562 787 gente
1590 737 1819 773 moventur.

731 811 808 851 Ille
836 812 951 852 velut
980 811 1136 864 pecoris
1165 812 1286 863 lupus
1315 815 1574 863 expugnator
1601 808 1728 861 opimi

734 886 910 928 Pectora
938 887 1098 927 tabenti
1127 886 1241 928 sanie
1270 886 1407 941 gravis
1435 885 1627 940 hirtaque
1655 884 1758 927 setis

732 964 819 1005 Ora
848 969 1064 1005 cruentata
1095 964 1288 1006 deformis
1317 964 1481 1005 hiantia
1509 963 1608 1004 lana

727 1042 901 1080 Decedit
930 1042 1121 1088 stabulis,
1149 1041 1228 1081 huc
1257 1040 1354 1080 illuc
1382 1041 1551 1080 turbida
1577 1050 1749 1079 versans

728 1118 918 1165 Lumina,
948 1118 982 1158 si
1013 1117 1103 1159 duri
1133 1122 1344 1170 comperta
1372 1117 1489 1159 clade
1519 1121 1744 1170 sequantur

727 1194 923 1235 Pastores
952 1194 1170 1250 magnique
1200 1194 1306 1249 fugit
1333 1207 1412 1236 non
1444 1193 1596 1236 inscius
1626 1192 1729 1235 ausi.

466 1281 627 1321 Faciles
671 1295 770 1322 sane
814 1283 880 1323 hic
909 1283 1022 1323 locus
1051 1284 1116 1324 vel
1147 1284 1280 1325 dicam
1311 1283 1536 1324 oscitantes
1564 1282 1713 1323 habuit
1740 1282 1928 1331 lectores,
1958 1294 2128 1337 quorum

467 1361 598 1396 nemo,
643 1350 748 1402 quod
793 1342 933 1397 sciam,
978 1351 1155 1402 pendere
1197 1351 1320 1403 plane
1364 1350 1442 1390 hoc
1471 1349 1606 1390 simile
1634 1349 1829 1402 nullaque
1859 1362 1951 1390 cum
1981 1348 2129 1390 ceteris

465 1413 625 1455 ratione
656 1414 855 1456 cohaerere
884 1415 1045 1456 viderit.
1104 1417 1210 1457 Nam
1241 1429 1372 1471 neque
1400 1415 1442 1456 in
1471 1415 1535 1464 iis,
1566 1427 1655 1469 quae
1684 1419 1924 1469 sequuntur,
1955 1427 2128 1469 congru-

467 1494 538 1520 ens
583 1482 798 1534 quicquam
831 1488 904 1523 aut
933 1484 1185 1535 respondens
1213 1484 1342 1524 habet
1370 1495 1501 1535 neque
1532 1495 1622 1523 c-um
1651 1482 1716 1531 iis,
1746 1494 1835 1535 quae
1865 1482 2128 1531 antecedunt,

467 1547 648 1599 copulari
692 1548 773 1588 ullo
817 1554 940 1601 pacto
984 1554 1142 1601 potest:
1186 1549 1256 1590 ubi
1300 1562 1386 1598 rex,
1430 1561 1550 1602 quem
1595 1560 1720 1589 unum
1760 1548 1848 1589 haec
1876 1548 2128 1600 comparatio

467 1619 655 1665 spectare
698 1614 841 1667 possit,
886 1615 1121 1657 nominatur
1161 1616 1232 1657 ille
1269 1615 1447 1669 quidem,
1477 1615 1548 1656 sed
1579 1627 1659 1656 non
1689 1614 1881 1667 primario
1911 1614 2128 1656 sententiae

466 1679 568 1727 loco,
599 1693 730 1733 neque
762 1682 812 1721 de
841 1681 909 1722 illo
941 1686 1029 1722 tum
1060 1681 1238 1722 maxime
1269 1682 1417 1735 agitur,
1448 1681 1520 1721 sed
1551 1681 1601 1721 de
1630 1680 1797 1721 Boeotis
1826 1680 2008 1732 urbibus,
2038 1694 2128 1734 quae

470 1759 548 1786 non
592 1752 679 1786 tam
722 1747 832 1787 illius
877 1761 1015 1797 causa,
1059 1762 1182 1803 quam
1225 1749 1512 1789 Thebanorum
1544 1742 1932 1801 consanguineorum
1963 1760 2128 1789 suorum

468 1813 621 1853 bellum
667 1826 813 1865 parare
843 1815 1046 1855 dicuntur.
1104 1816 1381 1856 statuendum
1413 1820 1477 1855 est
1504 1814 1630 1866 igitur
1659 1818 1733 1854 aut
1762 1813 1961 1854 excidisse
1990 1813 2130 1867 aliqua

469 1878 534 1918 vel
566 1883 663 1919 ante
693 1879 767 1919 hos
797 1893 939 1920 versus
969 1880 1033 1920 vel
1064 1885 1170 1933 post,
1202 1880 1349 1934 quibus
1379 1880 1555 1920 alterum
1584 1878 1687 1920 illud
1717 1883 2004 1932 comparatum·
2028 1892 2131 1921 con-

471 1945 684 1991 tineretur,
729 1950 803 1984 aut
846 1947 1171 1997 suppositiciam.
1198 1951 1331 1987 totam
1375 1945 1720 1997 comparationem
1765 1957 1874 1985 esse:
1919 1957 1998 1997 quo
2036 1946 2129 2021 qui-

472 2009 564 2054 dem
596 2010 726 2050 multo
756 2010 887 2063 magis
916 2010 1080 2063 inclino,
1112 2011 1174 2053 vel
1205 2011 1311 2067 quod
1342 2016 1469 2053 antea
1497 2023 1655 2067 quoque
1671 2024 1712 2051 ιιι
1722 2008 1810 2068 hoc
1822 2010 2003 2070 carmine
2008 2011 2130 2086 ejus-

472 2076 565 2115 dem
609 2076 768 2128 generis
815 2077 1144 2125 additamentum
1184 2076 1500 2132 deprehendisse
1530 2075 1647 2116 nobis
1675 2075 1861 2135 videmur
1895 2080 1938 2116 et
1965 2076 2128 2135 omuino

472 2145 560 2182 tam
589 2142 823 2184 lectitatum
854 2142 1001 2184 librum
1032 2147 1199 2196 tamque
1228 2144 1464 2198 frequenter
1499 2130 1751 2198 descriptum
1777 2128 2037 2201 verisimilius
2066 2148 2131 2187 est

471 2199 768 2261 interpolatum
813 2209 866 2250 ad
911 2222 984 2251 nos
1029 2222 1152 2264 quam
1181 2209 1420 2266 lacunosum
1449 2208 1631 2251 venisse:
1661 2207 1727 2265 vel
1749 2197 1893 2269 quod
1890 2195 1969 2250 hoo
1989 2209 2130 2269 simile

470 2275 627 2326 ipsum
648 2276 690 2317 in
717 2276 916 2326 Eteoclis
961 2277 1122 2328 factum
1161 2277 1326 2328 minime
1370 2276 1571 2332 convenit,
1600 2261 1827 2334 siquidem
1835 2275 1948 2338 lupo
1991 2289 2126 2334 ογιιιιιι

473 2340 581 2381 caede
626 2320 810 2382 madenti
852 2341 923 2383 vix
961 2341 1189 2396 comparari
1207 2346 1369 2399 potest
1384 2341 1433 2391 is,
1462 2340 1545 2400 qui,
1576 2354 1715 2404 quum
1723 2340 2028 2402 qulnquaginta
2042 2344 2131 2401 hp·-

472 2407 602 2447 mines
644 2408 685 2447 in
724 2421 849 2448 unum
894 2413 1111 2456 armasset,
1139 2408 1254 2448 illum
1284 2389 1511 2448 interficere
1541 2420 1619 2448 non
1649 2407 1843 2460 potuerit,
1871 2407 1961 2493 ipse
1989 2422 2130 2453 omnes

473 2485 568 2513 suos
598 2473 796 2514 amiserit.

583 2609 622 2636 v.
652 2595 747 2637 409.

999 2674 1141 2729 Atque
1169 2675 1258 2751 ipse
1286 2662 1478 2716 sonantia
1505 2650 1698 2716 flammis
1731 2654 1733 2663 ἶ
2092 2726 2118 2740 Η

734 2744 944 2816 Virgulta
959 2745 1002 2795 et
1030 2753 1172 2816 tristes
1203 2748 1406 2806 crepuisse
1436 2757 1482 2794 ut
1509 2748 1640 2820 sensit
1668 2741 1863 2820 aoervos
1873 2748 1879 2754 ’
1918 2794 1921 2808 2
1955 2742 1958 2746 ’
2004 2806 2007 2807 ⁷
2112 2749 2117 2756 ⁴

734 2831 916 2873 Tiresias
945 2855 999 2861 —
1026 2831 1088 2872 illi
1118 2843 1215 2883 uam
1240 2830 1443 2885 plurimus
1473 2814 1613 2876 ardor.
1623 2812 1809 2899 anhelat
2003 2817 2026 2821 ”
2066 2813 2068 2816 ’

735 2907 869 2951 Ante
878 2922 1008 2963 genas
1034 2908 1263 2963 impletque
1292 2921 1413 2951 cavos
1441 2921 1572 2966 vapor
1599 2907 1753 2962 igneus
1763 2879 1975 2965 orbes—

737 2986 991 3027 Exclamatf·

475 3081 690 3123 Particula
717 3098 814 3126 nam
842 3086 996 3128 nullam
1026 3085 1093 3127 hic
1120 3078 1288 3127 vi'd'e'tu'r'
1309 3063 1715 3127 ‘habere'rat'ionbmss
1752 3061 2024 3138 Neqiieeuim
2037 3077 2132 3124 ideo

475 3148 693 3207 strepitum
738 3151 911 3197 flammae
956 3165 1084 3198 caecus
1115 3153 1234 3199 audit
1262 3152 1455 3201 Tiresias,
1486 3152 1594 3210 quod
1624 3150 1799 3195 calorem
1829 3151 1917 3205 ejus
1945 3149 2134 3207 percipit,
