2353 3751
466 381 518 417 :38
1112 381 1152 420 C.
1183 382 1225 419 Ε.
1256 381 1482 420 sandntrom.

464 493 641 547 abrupte
669 491 882 535 Musarum
912 493 1094 547 ipsarum
1123 493 1315 537 inserere.
1358 494 1479 536 Unde
1493 493 1679 548 suspicor
1692 494 1821 537 multo
1835 491 2121 548 simpliciorem

464 559 794 613 apertioremque
830 560 1127 602 sententiarum
1158 562 1412 614 complexum
1444 560 1583 609 fuisse,
1612 560 1654 602 in
1684 561 1792 602 huuc
1819 561 2004 602 modum:
2034 556 2121 601 ”me

464 625 666 666 Helicona
709 627 957 678 pulsantem,
986 640 1109 680 quum
1140 633 1255 668 tuum
1286 640 1349 667 me
1379 627 1506 668 filium
1537 640 1627 667 esse
1656 627 1866 676 dixissem,
1895 627 2026 668 Musae
2054 626 2120 667 fa-

465 695 610 732 ventes
647 690 923 740 admiseruut3
963 704 1092 745 neque
1123 691 1229 732 enim
1260 691 1377 732 nobis
1406 692 1536 732 vitam
1565 692 1865 740 tantummodo,
1893 693 1964 732 sed
1995 691 2118 733 etiam

467 757 670 810 poeticam
716 762 845 798 artem
891 763 935 797 et
976 758 1217 798 facultatem
1255 753 1445 805 dedisti”‚
1488 756 1606 810 eique
1648 762 1915 810 congruenter
1943 757 2006 799 ita
2034 771 2123 799 esse

467 822 749 864 scribendum:

991 900 1120 941 neque
1151 886 1256 928 enim
1288 886 1387 928 mihi
1417 886 1554 928 sidera
1581 891 1746 929 tantum

727 964 991 1017 AEquoraque
1021 969 1063 1004 et.
1091 968 1238 1013 terras,
1268 964 1412 1019 quovis
1439 969 1613 1004 voratura
1634 970 1823 1019 parente,

726 1040 810 1082 Sed
840 1041 963 1081 decus
991 1040 1068 1081 hoc
1097 1040 1363 1094 quodcunque
1394 1040 1491 1093 lyrae
1520 1037 1756 1093 primusque
1785 1038 1937 1081 dedisti

730 1116 852 1156 Haud
883 1116 1050 1169 vulgare
1080 1116 1188 1170 loqui
1221 1121 1263 1157 et
1293 1117 1445 1157 famam
1477 1128 1642 1168 sperare
1671 1115 1899 1168 sepulchro.

472 1191 652 1235 Ventura
680 1192 707 1234 i.
738 1206 773 1234 e.
804 1189 917 1247 “quae
947 1192 1046 1234 mihi
1077 1189 1358 1246 obtigisseut.”
1389 1216 1443 1223 —-
1471 1193 1537 1234 Ex
1565 1192 1874 1234 Baehrensiana
1901 1193 2024 1246 hujus
2044 1195 2121 1237 loci

462 1258 755 1302 constitutione
785 1258 876 1313 quis
906 1258 1076 1301 idoneus
1106 1272 1251 1302 sensus
1281 1258 1450 1309 existat,
1481 1271 1737 1313 nequaquam
1768 1260 1981 1313 perspicio.

572 1362 610 1388 v.
639 1347 735 1387 215.

722 1423 869 1472 Qualis
900 1438 1004 1474 eras,
1033 1425 1179 1468 Latios
1210 1424 1398 1480 quotiens
1428 1438 1501 1478 ego
1531 1423 1709 1466 carmine
1739 1428 1879 1478 patres

722 1501 961 1551 Mulcerem‚
991 1502 1172 1557 felixque
1202 1501 1263 1543 tui
1294 1507 1504 1555 spectator
1534 1502 1702 1543 adesses

722 1578 925 1619 Muneris!
983 1579 1077 1620 IIeu
1108 1579 1220 1634 quali
1258 1579 1450 1620 confusus
1479 1577 1633 1632 gaudia
1661 1578 1760 1619 fletu

719 1658 834 1699 Vota
862 1657 1033 1710 piosque
1062 1663 1197 1698 metus
1227 1656 1334 1698 inter
1363 1657 1584 1709 laetumque
1613 1657 1827 1708 pudorem!

459 1745 623 1787 Malim:
1693 1729 1697 1732 ’

983 1813 1075 1854 Heu
1106 1810 1217 1866 quali
1249 1809 1460 1868 confessus
1489 1810 1640 1865 gaudia
1669 1811 1768 1854 fletu

724 1889 838 1931 Vota
866 1888 1036 1944 piosque
1066 1894 1202 1931 metus
1231 1887 1339 1930 inter
1368 1888 1586 1942 laetumque
1609 1887 1839 1945 pavorem!

462 1965 639 2007 Pudoris
669 1972 779 2007 certe
808 1967 923 2007 nulla
951 1979 1078 2007 causa
1105 1966 1271 2007 videtur
1299 1965 1442 2006 fuisse.

571 2065 610 2093 v.
639 2052 707 2092 52.

724 2129 893 2183 Ignosce
922 2130 1041 2182 puer!
1072 2135 1117 2170 tu
1148 2142 1212 2170 me
1242 2128 1415 2183 caligine
1444 2128 1565 2171 inerti

727 2205 893 2254 obruis,
923 2207 968 2246 a!
997 2207 1135 2246 durus.
1193 2206 1295 2246 Viso
1325 2206 1360 2247 si
1389 2207 1555 2248 vulnere
1585 2220 1688 2249 carae

725 2282 920 2337 Coujugis
949 2281 1109 2324 invenit
1138 2288 1304 2325 caneret
1334 2283 1441 2337 quod
1470 2283 1671 2325 Thracius
1699 2283 1889 2338 Orpheus

720 2360 851 2403 Dulce
881 2358 975 2409 sibi,
1005 2359 1040 2401 si
1070 2359 1197 2402 busta
1223 2358 1320 2401 Liui
1351 2359 1586 2414 complexus
1616 2359 1767 2415 Apollo

719 2438 811 2479 Non
841 2438 996 2479 tacuit:
1027 2436 1179 2478 nimius
1209 2439 1386 2478 fortasse
1416 2436 1642 2491 avidusque
1670 2438 1821 2480 doloris

717 2515 843 2556 Dicor
872 2520 915 2556 et
943 2514 984 2555 in
1015 2514 1197 2555 lacrimis
1221 2515 1381 2567 justum
1412 2513 1638 2555 excessisse
1653 2516 1860 2567 pudorem.

456 2603 526 2644 Sic
562 2602 725 2652 Baehr„
755 2615 886 2656 prava
915 2600 1180 2644 distinctione
1211 2606 1343 2643 totam
1374 2601 1622 2643 sententiam
1653 2609 1902 2656 pervertens.
1959 2605 2115 2646 Neces-

457 2668 563 2710 sario
592 2668 851 2711 scribendum
882 2674 959 2710 est:

715 2746 884 2799 Ignosce
914 2747 1034 2799 puer!
1065 2751 1111 2786 tu
1141 2758 1206 2786 me
1236 2743 1410 2797 caligine
1439 2743 1563 2786 inerti

715 2821 879 2864 Obruis.
937 2821 997 2862 A!
1028 2823 1168 2871 durus,
1199 2821 1286 2862 viso
1316 2821 1351 2862 si
1381 2821 1549 2862 vulnere
1570 2833 1674 2862 carae

714 2898 909 2953 Coniugis
938 2898 1096 2941 invenit
1126 2904 1293 2941 caneret
1323 2899 1431 2953 quod
1462 2897 1663 2951 Thracius
1693 2897 1882 2952 Orpheus

713 2975 841 3018 Dulce
871 2975 966 3026 sibi,
995 2976 1031 3018 si
1060 2977 1185 3018 busta
1213 2975 1308 3019 Lini
1339 2976 1576 3031 complexus
1606 2974 1758 3030 Apollo

714 3054 805 3096 Non
835 3054 980 3096 tacuit.
1037 3055 1200 3098 Nimius
1230 3056 1407 3097 fortasse
1439 3068 1529 3110 sqq.
