2419 3732
679 384 811 421 Studia
838 384 976 419 Critioa
1004 383 1049 417 in
1074 379 1268 427 Papinium
1297 381 1472 418 Statium.
1909 376 1930 411 5

1063 495 1121 535 Te
1150 494 1266 548 signa
1295 495 1452 535 ferente

537 570 772 619 Hoemonia,
802 571 859 611 ad
886 568 1029 625 Laqos
1055 570 1134 611 iret
1161 584 1283 624 gener
1310 577 1383 611 aut
1412 570 1517 611 Cato
1545 566 1715 623 Syrtes?

280 653 328 688 ut
355 646 579 689 Hoemonia
607 647 728 703 siqua
757 647 898 689 eodem
926 647 1045 688 modo
1074 648 1255 701 appellet
1283 661 1362 702 quo
1383 645 1554 704 ferrum
1582 643 1828 687 Ernathium
1846 646 1933 687 Lu-

278 726 426 755 canus:

536 779 722 821 Fortuna
751 784 900 821 cuncta
927 784 1119 822 tenentur

454 857 647 898 Caesaris:
677 840 916 898 Emathium
945 858 1097 910 sparsit
1124 858 1296 899 victoria
1323 859 1487 898 ferrum.
1544 855 1646 911 (IX,
1678 854 1784 912 245)

273 946 338 986 vel
376 946 515 994 etiam,
559 958 638 999 quo
681 945 858 986 maxime
900 945 1071 985 inclinat
1112 946 1283 993 animus,
1325 958 1398 998 pro
1433 953 1471 986 et
1499 946 1637 986 minor
1664 951 1790 998 poeta
1818 945 1943 986 haud.

272 1026 366 1054 reor
393 1012 570 1067 reliquit.

383 1102 422 1130 ν.
452 1088 519 1130 54.

534 1166 614 1208 Hic
642 1165 795 1207 domini
825 1179 1048 1220 numquam
1078 1167 1256 1207 mutabit
1282 1167 1464 1209 habenas

535 1245 768 1298 Perpetuus
797 1243 924 1286 frenis
953 1248 1078 1297 atque
1107 1244 1175 1284 uni
1204 1245 1354 1285 serviet
1382 1251 1507 1286 astro.

272 1321 444 1363 Locutio
466 1328 694 1378 perpetuus
713 1320 855 1379 frenis
883 1334 993 1371 num,
1024 1321 1128 1376 quod
1158 1321 1361 1363 sententia
1388 1322 1570 1376 requirit,
1598 1337 1757 1380 semper
1785 1324 1924 1366 eadem

265 1388 397 1446 frena
421 1402 566 1444 yerem
594 1388 821 1442 significare
850 1388 994 1441 possit,
1023 1388 1283 1429 vehementer
1304 1389 1457 1429 dubito.
1500 1390 1667 1442 Repono
1696 1392 1926 1432 mutatione

274 1456 360 1497 fere
390 1455 524 1497 nulla:

533 1521 614 1564 Hic
642 1521 794 1563 domini
823 1533 1044 1575 numquam
1074 1521 1252 1562 mutabit
1278 1521 1481 1563 habenasz

533 1598 785 1656 Perpetuam
814 1598 878 1640 his
906 1598 1032 1640 frenis
1061 1603 1186 1653 atque
1215 1598 1284 1639 uni
1313 1599 1463 1641 serviet
1492 1605 1615 1642 astro.

381 1689 421 1718 v.
450 1675 520 1719 81.

1019 1742 1139 1790 Quod
1168 1743 1204 1784 si
1232 1747 1274 1783 te
1303 1748 1444 1784 nostra
1471 1744 1662 1786 tulissent

533 1821 707 1870 Saecula,
737 1825 986 1874 temptasses
1015 1834 1079 1862 me
1108 1834 1188 1862 non
1217 1822 1392 1862 audente
1421 1823 1618 1875 profundo

532 1900 598 1941 Ire
627 1899 721 1940 lacu
729 1911 742 1949 ;
772 1899 845 1939 sed
873 1898 1007 1940 Roma
1034 1904 1129 1940 tuas
1158 1899 1358 1940 tenuisset
1385 1898 1578 1940 habenas.

380 1977 524 2018 Verba
564 1990 628 2018 me
656 1990 738 2017 non
766 1976 952 2025 audente,
981 1976 1016 2016 si
1046 1989 1150 2024 eam,
1180 1989 1268 2029 quae
1297 1975 1428 2028 prima
1455 1978 1640 2027 occurrit,
1669 1979 1922 2032 interpreta-

269 2042 421 2085 tionem
459 2056 644 2098 sequare,
673 2047 721 2084 ut
748 2042 817 2091 sit,
846 2038 902 2083 ”si
931 2055 1004 2096 ego
1034 2054 1121 2083 ‘non
1151 2055 1274 2083 ausus
1304 2038 1466 2090 essem”‚
1494 2043 1684 2086 indecora
1713 2059 1802 2088 esse
1831 2052 1923 2088 sta-

268 2110 343 2152 tim
372 2115 561 2163 apparet,
592 2109 784 2163 quoniam
813 2109 1041 2150 Domitiani
1070 2108 1262 2150 virtutem
1294 2121 1418 2160 supra
1445 2122 1560 2150 suam
1590 2111 1802 2161 extollere,
1838 2127 1919 2155 non

268 2176 378 2218 infra
420 2176 647 2230 deprimere
690 2176 870 2217 debebat
915 2175 1094 2217 Curtius.
1159 2174 1277 2222 Quod
1321 2188 1415 2215 vero
1458 2175 1527 2216 alii
1556 2177 1690 2218 decori
1718 2179 1920 2221 rationem

268 2243 399 2296 magis
426 2242 627 2284 habentes
655 2243 718 2282 ita
745 2242 875 2294 accipi
903 2242 1048 2282 volunt
1080 2238 1223 2294 ”quum
1253 2254 1324 2294 ego
1353 2254 1417 2281 me
1445 2242 1586 2283 offerre
1602 2244 1756 2285 veritus
1772 2259 1920 2294 essem,

269 2309 377 2362 quod
405 2313 449 2350 te
478 2321 603 2350 unum
632 2313 720 2349 tam
751 2307 924 2361 pulchra
952 2311 1081 2348 morte
1111 2307 1273 2361 dignum
1304 2304 1526 2360 putarem”‚
1555 2314 1603 2349 ut
1630 2309 1821 2352 omittam
1850 2325 1922 2353 sa—

268 2375 324 2415 tis
367 2374 512 2415 miram
550 2374 665 2415 illam
695 2373 981 2415 verecundiam
1010 2373 1148 2414 inferri
1178 2386 1226 2413 ac
1254 2372 1386 2414 nescio
1415 2385 1466 2413 an
1496 2374 1746 2428 principibus
1775 2389 1920 2429 parum

268 2445 428 2495 gratam
457 2441 654 2489 futuram,
683 2440 731 2488 si,
761 2439 1120 2493 quotienscumque
1149 2452 1221 2492 pro
1236 2438 1371 2491 patria
1388 2441 1660 2491 oppetendam
1677 2448 1800 2492 esset,
1815 2443 1918 2496 ipsis

267 2507 410 2548 statim
453 2507 508 2548 ab
551 2506 738 2548 omnibus
775 2519 825 2548 ea
866 2506 996 2560 gloria
1038 2506 1276 2553 deferretur,
1305 2504 1538 2546 incredibile
1568 2511 1646 2556 est,
1676 2508 1710 2548 si
1739 2508 1817 2550 hoc
1845 2523 1920 2551 vo-

267 2574 414 2615 luisset
455 2578 592 2626 poeta,
635 2579 721 2614 tam
764 2573 947 2621 obscure,
984 2578 1070 2613 tam
1107 2572 1295 2625 languide
1325 2584 1606 2623 expressarum
1637 2574 1777 2615 fuisse.
1834 2576 1918 2616 At-

269 2639 337 2693 qui
375 2639 472 2692 quid
509 2639 716 2681 sententia
752 2644 910 2692 poscat,
939 2638 1107 2679 dubium
1136 2651 1214 2679 non
1243 2642 1317 2678 est.
1374 2637 1515 2690 Neque
1545 2639 1652 2680 enim
1682 2640 1803 2682 aliter
1830 2642 1919 2683 Do·-

266 2706 461 2747 mitianus
492 2706 678 2748 Curtium
708 2718 901 2758 superare
931 2704 1132 2758 potuisset
1159 2703 1236 2744 nisi
1264 2703 1336 2750 ita,
1366 2708 1414 2743 ut
1443 2710 1536 2745 ante
1565 2705 1753 2747 Curtium
1780 2707 1916 2760 ipsum

265 2772 387 2813 morti
416 2785 460 2812 se
489 2772 615 2813 fuerit
643 2772 869 2812 oblaturus.
927 2770 1195 2812 Scribendum
1223 2768 1365 2821 igitur:
1421 2773 1424 2777 '

1051 2845 1170 2892 Quod
1198 2845 1233 2885 si
1261 2850 1303 2885 te
1331 2850 1473 2887 nostra
1501 2847 1697 2889 tulissent

528 2925 703 2975 Saecula,
732 2930 982 2979 temptasses
1010 2937 1074 2965 me
1103 2922 1282 2964 nondum-
1311 2922 1488 2964 audente
1518 2925 1721 2976 profundo

529 3003 594 3044 Ire
624 3003 728 3045 lacu.

265 3081 292 3122 i.
323 3095 357 3122 e.
388 3077 677 3133 ”praevenisses
719 3086 766 3121 tu
809 3094 874 3121 me
917 3085 960 3120 et
1002 3090 1122 3131 quum
1165 3090 1238 3130 ego
1281 3078 1415 3119 adhuc
1452 3079 1632 3121 animum
1663 3082 1716 3121 ad
1747 3089 1919 3124 mortem

264 3147 494 3190 obeundam
524 3147 743 3198 firmarem,
772 3153 819 3190 tu
843 3142 953 3200 jam”
983 3159 1017 3187 e.
1048 3156 1086 3199 q.
1116 3157 1148 3185 s.
