2405 3754
487 396 538 432 32
1123 395 1163 434 G.
1194 396 1236 433 E.
1265 396 1489 434 Sandatrsm.

745 512 935 565 Fataque
964 516 1008 552 et
1036 510 1212 565 injustos
1239 510 1396 553 rabidis
1424 510 1589 564 pulsare
1619 508 1797 564 querelis

748 587 975 631 Coelicolas
1005 590 1184 631 solamen
1216 595 1317 631 erat.

483 675 675 716 Correxit
703 677 978 718 Baehrensius
1008 679 1201 717 miseram
1230 677 1420 732 luantque,
1449 676 1490 716 in
1522 689 1600 730 quo
1630 681 1673 716 et
1699 674 1931 717 inauditum
1967 672 2140 715 nullius-

484 757 562 795 que
594 744 775 797 exempli
804 744 905 784 illud
935 744 1113 798 hautque
1141 750 1183 784 et
1213 745 1318 796 quod
1350 743 1389 783 in
1422 743 1590 795 apodosi
1620 742 1715 795 poni
1745 743 1936 789 debebat,
1952 754 2140 793 perverse

483 808 523 849 in
555 808 714 863 protasi
744 808 925 864 ponitur.
974 810 1166 863 Apparet
1195 808 1300 850 enim
1334 807 1394 849 ita
1424 807 1653 849 continuari
1683 807 1909 849 orationem
1940 811 2139 860 oportere:

487 873 579 916 ”sed
625 889 746 929 quum
795 889 935 916 recens
979 877 1102 928 plaga
1145 881 1235 915 erat
1278 880 1321 916 et
1357 875 1490 914 adhuc
1520 874 1689 914 confusa
1717 873 1848 926 primo
1878 871 2028 913 doloris
2059 872 2141 912 ictu

485 942 643 989 domus,
687 947 774 982 tum
820 942 873 982 ad
918 946 961 981 te
1006 942 1197 982 accedere
1236 954 1314 981 uon
1353 938 1467 992 potui
1497 952 1627 991 neque
1657 939 1763 980 ullus
1793 937 2021 979 consolanti
2051 937 2139 978 cui-

487 1020 606 1059 quam
640 1007 751 1046 locus
781 1006 880 1046 fuit:
911 1012 997 1047 tum
1029 1007 1124 1046 flere
1155 1011 1198 1046 et
1226 1006 1419 1059 plangere
1457 1009 1500 1044 et
1529 1004 1617 1045 deis
1646 1003 1844 1045 invidiam
1866 1004 2000 1044 facere
2016 1015 2139 1044 unum

485 1073 666 1113 solamen
698 1069 823 1113 erat.”
879 1071 1012 1113 Scribi
1044 1073 1186 1113 debet:

742 1149 825 1190 Sed
857 1162 978 1202 quum
1011 1149 1137 1202 plaga
1170 1162 1310 1190 recens
1341 1154 1384 1190 et
1412 1148 1546 1190 adhuc
1574 1146 1615 1189 in
1645 1148 1811 1189 vulnere
1830 1146 1961 1200 primo

741 1226 872 1279 AEgra
900 1226 1064 1267 domus:
1095 1226 1188 1281 quia
1217 1232 1304 1266 tum
1332 1225 1507 1266 miseras
1537 1237 1728 1266 accessus
1757 1224 1810 1265 ad
1840 1236 1973 1265 aures.

739 1302 934 1356 conjugis
963 1303 1128 1343 orbati?
1188 1304 1304 1343 Tunc
1333 1304 1430 1343 flere
1461 1307 1559 1343 cett.

587 1403 624 1430 v.
654 1391 721 1431 45.

738 1467 819 1508 Illa
848 1466 1012 1521 quidem
1045 1474 1299 1521 nuptumque
1328 1467 1439 1520 prior
1467 1467 1678 1520 taedasque
1695 1464 1857 1508 ‘marito

740 1544 875 1585 Passa
903 1543 1003 1594 alio;
1033 1545 1105 1585 sed
1135 1551 1177 1585 te
1208 1558 1280 1585 ceu
1309 1543 1548 1597 virginitate
1572 1543 1762 1596 jugatum

735 1620 976 1663 Visceribus
1005 1621 1106 1663 totis
1137 1622 1353 1675 animaque
1384 1621 1577 1674 amplexa
1606 1620 1787 1661 fovebat.

472 1709 618 1750 Paullo
648 1707 757 1750 infra
786 1709 836 1750 de
871 1710 1015 1751 eadem
1046 1708 1239 1751 Priscilla
1267 1708 1533 1762 praedicatur:

735 1786 800 1827 Ex
830 1791 871 1827 te
902 1787 1032 1838 major
1060 1787 1187 1827 honos
1217 1802 1345 1837 mmm
1375 1787 1534 1828 novisse
1563 1784 1709 1834 cubile,

735 1864 872 1905 Unum
903 1863 1073 1905 secretis
1103 1864 1262 1917 agitare
1293 1866 1368 1905 sub
1398 1864 1559 1905 ossibus
1588 1863 1736 1917 ignem.

473 1961 547 2001 Bis
576 1960 701 2014 igitur
730 1967 863 2015 nupta
891 1962 1083 2003 Priscilla
1111 1976 1235 2004 unum
1272 1968 1433 2004 tantum
1466 1962 1597 2004 cubile
1628 1962 1743 2004 novit
1773 1968 1815 2003 et
1853 1961 2017 2004 univira
2040 1976 2132 2004 mu-

477 2025 552 2068 lier
595 2028 696 2068 duos
726 2027 899 2069 maritos
930 2028 1093 2069 habuit.
1150 2029 1252 2069 Haec
1289 2029 1495 2070 conciliari
1525 2029 1633 2070 inter
1660 2042 1750 2070 sese
1779 2042 1898 2082 posse
1927 2033 2015 2070 tum
2046 2043 2134 2071 cre·

474 2093 584 2143 dam,
613 2092 649 2134 si
694 2093 784 2147 quis
827 2100 953 2136 antea
982 2108 1105 2136 unum
1137 2101 1179 2135 et
1208 2096 1287 2136 duo
1318 2094 1423 2136 idem
1454 2108 1543 2136 esse
1574 2094 1765 2137 effecerit.
1822 2096 1988 2137 Interea
2016 2109 2130 2138 men-

472 2159 574 2201 dosa
603 2174 692 2202 esse
721 2159 796 2201 illa
824 2161 961 2214 priora
990 2167 1033 2203 et
1062 2161 1123 2202 ita
1153 2161 1392 2214 corrigenda
1421 2161 1676 2203 arbitrabor:

738 2238 884 2293 AEqra
913 2238 1076 2293 quidem
1106 2244 1359 2293 nuptumque
1379 2238 1496 2297 foret
1524 2240 1738 2293 taedasque
1764 2237 1911 2280 marito

736 2315 871 2357 Passa
899 2315 1002 2357 alio:
1032 2316 1104 2358 sed
1134 2321 1176 2358 te
1207 2329 1280 2358 ceu
1309 2315 1547 2371 virginitate
1568 2315 1726 2374 fuyata

736 2392 977 2433 Visceribus
1006 2393 1108 2434 totis
1136 2393 1352 2447 animoque
1381 2395 1574 2447 amplexa
1601 2395 1782 2435 fovebat.

471 2488 619 2545 ”AEgre
664 2491 829 2545 quidem
876 2492 950 2533 illa
992 2498 1035 2533 et
1078 2492 1211 2534 invita
1246 2492 1327 2534 alio
1357 2493 1505 2534 marito
1534 2493 1701 2547 nuptias
1730 2494 1940 2544 subiisset,
1968 2497 2041 2537 sed
2070 2501 2126 2545 te,

470 2556 587 2611 quasi
636 2557 748 2599 omni
793 2557 978 2611 virginea
1015 2558 1241 2600 timiditate
1271 2559 1472 2612 deposita,
1501 2560 1645 2601 statim
1675 2566 1762 2602 toto
1793 2561 1928 2603 animo
1958 2568 2002 2603 et
2029 2575 2127 2615 pec-

470 2630 558 2665 tore
598 2621 985 2677 complectebatur.”
1042 2625 1110 2664 Ita
1146 2624 1270 2677 igitur
1298 2624 1495 2666 Priscilloe
1524 2626 1565 2667 in
1597 2627 1806 2680 conjugem
1836 2639 1951 2668 amor
1979 2627 2126 2669 lauda-

467 2694 548 2738 tur,
580 2695 627 2730 ut
657 2690 776 2743 longe
806 2694 945 2730 tamen
978 2688 1012 2729 is
1041 2702 1067 2730 a
1094 2690 1252 2744 vulgari
1291 2690 1460 2732 libidine
1497 2697 1539 2732 et
1571 2691 1800 2746 cupiditate
1829 2692 2012 2735 abfuisse
2040 2692 2127 2747 sig-

464 2755 665 2798 nificetur.

574 2847 613 2875 v·
643 2832 712 2877 94.

727 2913 939 2954 Praeterea
967 2912 1067 2953 fidos
1096 2913 1282 2956 dominus
1312 2915 1347 2956 si
1377 2915 1538 2957 dividat
1567 2929 1699 2965 enses,

728 2991 922 3031 Pandere
952 2989 1041 3042 quis
1071 2997 1232 3033 centum
1263 2993 1404 3033 valeat
1432 2994 1608 3042 frenare,
1637 2991 1841 3045 maniplos

725 3066 994 3108 Intermissus
1024 3080 1157 3119 eques,
1187 3069 1277 3122 quis
1306 3069 1549 3122 praecepisse
1580 3068 1751 3117 cohorti,

728 3145 861 3194 Quem
891 3144 1038 3187 deceat
1067 3144 1165 3187 clari
1193 3147 1455 3201 praestantior
1483 3149 1582 3193 ordo
1610 3146 1765 3189 tribuni
1795 3152 1892 3194 cett.
