2405 3754
682 358 813 395 Studia
840 358 979 395 Gritica
1007 357 1045 394 in
1075 356 1272 404 Pupiniam
1300 355 1474 393 Statium.
1878 351 1930 389 33

283 468 555 511 Scribendum
584 475 705 522 puto:

541 546 748 589 Praeterea
775 547 877 589 fidos
906 546 1093 589 dominus
1121 545 1158 588 si
1187 544 1348 588 dividat
1376 558 1507 594 enses,

546 623 733 663 Pandere
763 624 854 677 quis
883 630 1045 665 centum
1075 624 1216 663 valeat
1244 624 1419 671 frenare,
1448 620 1658 677 maniplus

543 699 671 751 Quem
700 704 910 743 tremuisse
938 709 1070 757 queat,
1099 716 1217 756 quem
1245 700 1486 753 praecepisse
1515 699 1686 746 cohorti,

544 776 675 825 Quem
704 778 849 820 deceat
878 779 975 821 clari
1005 778 1266 833 praestantior
1293 779 1391 820 ordo
1421 777 1584 818 tribune
1614 781 1711 818 cett.

285 864 414 917 Quem
455 864 658 919 posterius
701 865 740 907 in
784 868 877 923 quis
919 867 1039 908 facile
1059 880 1062 883 ·
1083 873 1243 909 mutare
1279 866 1416 920 potuit
1454 864 1648 906 librarius
1678 865 1937 905 intermissus

285 945 404 986 eques
433 944 522 973 cum
553 933 821 985 sequentibus
851 935 1109 986 conjungens.

393 1033 431 1060 v.
465 1020 556 1060 105.

546 1096 725 1151 Quaeque
754 1104 849 1139 tuas
878 1086 1016 1140 laurus
1045 1099 1196 1141 volucri
1227 1097 1472 1141 Germanice
1502 1111 1619 1138 curru

543 1174 674 1215 Fama
702 1174 816 1216 vehit
844 1188 1068 1229 praegressa
1096 1175 1203 1217 diem
1232 1176 1476 1229 tardumque
1505 1175 1580 1215 sub
1611 1172 1736 1215 astris

541 1251 709 1292 Arcada
737 1259 779 1293 et
807 1252 849 1292 in
879 1253 1011 1293 medio
1041 1252 1190 1307 linquit
1219 1252 1529 1293 Thaumantida
1558 1252 1682 1292 coelo.

282 1339 520 1393 Proeyressa
550 1340 658 1379 diem
688 1341 782 1393 quid
812 1340 881 1389 sit,
911 1355 988 1381 non
1018 1340 1187 1393 reperio.
1244 1342 1387 1393 Neque
1417 1340 1523 1380 enim
1554 1340 1673 1380 credo
1694 1339 1804 1379 diem
1819 1338 1933 1392 quis-

285 1417 409 1458 quam
439 1418 511 1458 pro
540 1410 662 1447 vento
693 1405 841 1460 posuit.
898 1407 1050 1448 Tento:

548 1481 728 1536 Quaeque
758 1488 852 1524 tuas
882 1484 1020 1524 laurus
1049 1482 1204 1524 volucri
1234 1482 1477 1523 Germanice
1507 1494 1625 1522 curru

544 1560 675 1600 Fama
703 1559 837 1610 vehit3
868 1575 956 1616 quw
976 1561 1100 1617 jussa
1129 1560 1249 1601 deic'm
1277 1560 1520 1612 tardumque
1550 1559 1625 1599 sub
1655 1558 1780 1599 astris

545 1636 712 1677 Arcada
741 1644 783 1677 et,
811 1638 852 1678 iu
881 1637 1014 1679 medio
1045 1637 1194 1690 linquit
1223 1635 1529 1677 Thaumantida
1558 1636 1681 1676 coelo.

281 1724 408 1765 Jussa
437 1724 558 1765 defim
601 1730 644 1766 et
678 1725 846 1767 Arcada
883 1731 925 1767 et
953 1726 1261 1767 Thaumantida.
1289 1723 1483 1766 familiari
1513 1722 1646 1776 poetis
1675 1724 1804 1777 figura
1832 1724 1934 1765 dicit

285 1803 358 1843 pro
388 1804 434 1831 eo
464 1791 569 1844 quod
600 1796 683 1831 est:
714 1791 881 1832 Arcada
909 1798 951 1832 et
980 1790 1288 1832 Thaumantida
1317 1792 1480 1832 deorum
1506 1790 1624 1842 jussa
1652 1796 1879 1842 portantes.

393 1892 432 1920 ν.
461 1879 555 1920 215.

542 1957 617 1998 Ille
647 1957 772 1998 etiam
803 1963 936 1999 erecte
965 1957 1145 2011 rupisset
1172 1963 1359 2010 tempora
1387 1949 1495 1997 vitae.

286 2044 415 2086 Miror
444 2044 646 2086 neminem
674 2044 826 2087 vidisse
857 2046 899 2087 in
930 2060 990 2099 eo,
1020 2048 1126 2100 quod
1157 2046 1315 2087 codices
1345 2045 1513 2095 habent,
1542 2051 1668 2087 erecte
1696 2044 1939 2086 vocabulum

286 2112 424 2153 crudoe
453 2112 595 2161 latere,
620 2113 726 2166 quod
756 2119 798 2153 et
827 2126 854 2153 a
882 2112 1063 2157 codicum
1079 2113 1283 2166 scriptura
1297 2112 1508 2153 minimum
1525 2111 1700 2153 discedit
1716 2117 1758 2152 et
1773 2125 1936 2152 sensum

284 2177 379 2220 huic
414 2179 500 2220 loco
530 2180 686 2231 praebet
715 2179 987 2232 aptissimum.
1046 2181 1184 2221 Cruda
1212 2179 1301 2220 vita
1330 2185 1406 2228 est,
1437 2192 1524 2232 quae
1555 2179 1607 2219 ad
1638 2177 1935 2227 maturitatem,

283 2244 325 2286 id
356 2250 432 2294 est,
462 2246 514 2286 ad
545 2246 714 2286 fatalem
744 2245 865 2295 diem,
895 2247 1071 2288 nondum
1101 2245 1300 2300 pervenit.

391 2347 431 2374 v.
460 2335 554 2374 232.

544 2410 634 2451 Hoc
661 2424 740 2452 aere
770 2411 908 2461 Ceres,
937 2412 1014 2453 hoc
1043 2412 1180 2454 lucida
1208 2411 1373 2460 Gnosis,

548 2487 622 2528 Illo
650 2488 766 2540 Maja
793 2488 921 2538 tholo,
950 2490 1093 2530 Venus
1122 2489 1197 2530 hoc
1226 2502 1304 2530 non
1335 2489 1522 2542 improba
1550 2502 1663 2530 saxo.

283 2587 331 2628 In
375 2598 421 2627 eo
465 2586 570 2639 quod
601 2590 668 2641 est
700 2586 807 2628 tholo
836 2600 915 2627 non
945 2586 1127 2628 materiae
1157 2586 1328 2639 alicujus
1357 2600 1500 2628 nomen
1531 2587 1711 2635 subesse,
1740 2592 1805 2627 tot
1832 2587 1932 2628 viris

285 2651 417 2694 doctis
454 2652 608 2693 frustra
650 2652 795 2693 elicere
825 2652 999 2702 conatis,
1029 2666 1101 2706 pro
1132 2659 1241 2694 certo
1265 2654 1351 2705 jam
1381 2653 1612 2694 habendum
1643 2658 1719 2694 est.
1778 2653 1934 2699 Quodsi

285 2732 365 2760 non
409 2717 623 2759 materiam
667 2717 845 2772 aliquam
876 2731 1023 2759 novam
1067 2717 1295 2759 nominavit
1322 2723 1457 2770 poeta,
1487 2717 1522 2758 si
1552 2717 1654 2759 illud
1683 2718 1808 2775 Maja
1837 2733 1931 2761 vere

284 2785 337 2826 ab
375 2797 422 2826 eo
459 2785 685 2839 profectum
715 2790 791 2835 est,
816 2783 921 2826 -nihil
951 2789 1099 2838 praeter
1128 2784 1338 2839 epitheton
1369 2784 1456 2838 ejus
1485 2785 1571 2827 deae
1600 2784 1751 2827 addere
1780 2786 1930 2840 potuit.

284 2852 348 2894 Ne
396 2853 482 2894 tale
519 2851 695 2906 quidem,
725 2852 829 2906 quod
860 2856 903 2893 et
932 2850 1068 2893 versui
1098 2857 1142 2893 et
1169 2852 1383 2893 sententiae
1414 2853 1587 2905 quadret
1616 2857 1659 2893 et
1687 2853 1934 2896 traditarum

282 2918 514 2960 litterarum
543 2918 852 2961 similitudinem
882 2917 1061 2972 aliquam
1090 2918 1281 2967 retineat,
1310 2916 1431 2960 facile
1462 2918 1676 2972 quisquam
1692 2921 1933 2973 reppererit.

285 2983 501 3039 Reliquum
548 2991 626 3035 est,
668 2991 715 3028 ut
751 2990 964 3037 utrumque
993 2984 1234 3025 vocabulum
1265 2989 1308 3025 et
1336 2983 1461 3040 Maja
1489 2990 1531 3025 et
1560 2983 1668 3026 tholo
1698 2993 1932 3040 corruptum

287 3063 377 3092 esse
406 3056 462 3101 et,
492 3051 682 3106 quoniam
713 3065 764 3094 ex
792 3049 916 3107 Maja
942 3062 1020 3091 non
1051 3049 1182 3104 magis
1212 3062 1333 3105 quam
1364 3064 1416 3093 ex
1444 3051 1556 3093 tholo
1586 3051 1771 3094 materioe
1787 3066 1932 3096 nomen

286 3117 372 3163 erui
418 3124 571 3177 potest,
612 3119 655 3160 in
681 3117 770 3166 'illo
812 3117 1021 3178 epitheton
1051 3117 1150 3173 deae,
1178 3117 1222 3158 in
1250 3118 1327 3162 hoc
1356 3119 1443 3158 deae
1471 3118 1602 3171 ipsius
1631 3133 1776 3163 nomen
1808 3122 1934 3164 latere
