2369 3741
700 336 831 374 studia
858 336 997 373 critica
1024 338 1064 373 in
1093 336 1289 382 papinium
1317 335 1490 371 statium.
1883 336 1932 373 41

292 450 333 490 A
363 448 485 489 terris
513 447 713 501 quomodo
744 447 941 501 explicari
969 448 1114 501 possit,
1142 460 1309 501 prorsus
1337 447 1483 488 haereo.
1528 448 1733 501 Scriptum
1751 454 1841 489 erat
1854 451 1939 490 for-

289 520 424 556 tasse:

808 579 984 622 Densior
1010 579 1227 643 Athraciis
1255 585 1353 623 cett.

285 666 313 710 i.
343 680 380 710 e.
408 667 570 710 densior
597 667 648 710 iis
677 668 879 719 noctibus,
909 681 998 724 quae
1026 668 1300 711 thessalarum
1318 674 1542 724 'magarum
1572 666 1819 710 carminibus
1848 669 1939 710 effi-

289 745 464 788 ciuntur.

395 849 435 877 v.
466 834 561 878 648.
1193 896 1195 899 Ι

811 902 967 951 Quodsi
996 908 1181 945 monstra
1209 903 1334 945 effera
1362 902 1521 956 magnis

548 979 658 1021 Gara
686 980 789 1021 adeo
817 980 976 1033 superis
1000 980 1247 1034 ,iacturaque
1275 980 1395 1021 vilior
1423 980 1549 1029 orbis,

512 1042 516 1046 ’
544 1056 657 1098 Mors
684 1056 907 1106 hominum,
938 1062 980 1098 et
1008 1070 1116 1099 saevo
1146 1062 1268 1098 tanta
1295 1057 1559 1099 inclementia
1588 1056 1698 1098 coelo
1730 1061 1827 1097 cett.

282 1155 485 1209 Frigidior
521 1160 564 1197 et
599 1156 766 1198 otiosior
806 1157 875 1198 ille
914 1162 1121 1198 extremus
1148 1171 1305 1206 versus,
1336 1171 1457 1211 quam
1487 1163 1535 1198 ut
1563 1157 1616 1198 ab
1646 1156 1784 1197 Statio
1813 1156 1938 1208 profi-

287 1221 384 1264 cisci
425 1221 620 1274 potuerit.
677 1222 970 1276 Adscripserat
1012 1223 1159 1276 aliquis
1201 1223 1244 1264 in
1286 1224 1468 1277 margine
1497 1238 1608 1264 mors
1638 1221 1861 1271 hominum,
1892 1227 1939 1262 ut

285 1287 389 1329 illud
409 1287 583 1343 jactura
613 1287 728 1329 orbis
759 1289 1002 1342 explicaret:
1033 1290 1139 1342 quod
1168 1289 1314 1331 deinde
1342 1289 1384 1330 in
1414 1290 1594 1331 ordinem
1609 1293 1821 1341 receptum
1838 1301 1937 1329 cau-

281 1365 374 1395 sam
403 1353 514 1407 pleni
541 1352 773 1396 hexametri
802 1354 1071 1397 concinnandi
1099 1355 1225 1396 dedit.

392 1456 432 1484 v,
464 1439 560 1484 ¹716.

536 1519 665 1562 Adsis
694 1533 717 1561 o
746 1532 900 1562 memor
926 1520 1094 1574 hospitii
1121 1520 1150 1562 J
1151 1520 1380 1575 unoniaque
1410 1534 1510 1562 arva

539 1598 698 1639 Dexter
726 1611 852 1647 ames,
881 1611 954 1639 seu
983 1603 1026 1639 te
1054 1610 1215 1639 roseum
1245 1599 1398 1639 Titana
1424 1598 1562 1640 vocari

541 1674 691 1716 Gentis
719 1675 992 1716 Achaemeniae
1020 1675 1116 1724 ritu,
1145 1689 1218 1716 seu
1247 1681 1420 1729 praestat
1447 1675 1585 1717 Osirin

542 1752 814 1805 Frugifernm‚
843 1765 917 1793 sen
945 1752 1086 1794 Persei
1115 1753 1191 1794 sub
1219 1753 1389 1806 rupibus
1419 1753 1527 1793 antri

537 1830 762 1884 Indignata
789 1830 904 1884 sequi
932 1835 1191 1884 torquentem
1222 1843 1373 1872 cornua
1402 1830 1613 1871 Mithram.

276 1929 371 1973 Non
412 1930 698 1980 Achaemeniae,
727 1930 800 1972 sed
844 1930 998 1974 Graecae
1041 1930 1176 1986 gentis
1218 1930 1301 1972 ritu
1344 1931 1469 1972 Titan
1512 1930 1663 1986 Apollo
1694 1931 1935 1972 vocabatur.

280 1997 482 2053 conjicio:

805 2064 890 2107 Seu
918 2069 961 2106 te
989 2077 1151 2107 roseum
1180 2064 1333 2106 Titana
1361 2065 1514 2114 vocari,

543 2141 692 2185 Gentis
720 2148 767 2184 ut
794 2140 977 2185 Inachiae
1005 2142 1126 2192 ritus,
1155 2155 1228 2184 seu
1258 2148 1356 2185 cett.

536 2322 628 2363 Lib.
657 2323 713 2363 H.

370 2414 424 2442 ·v.
454 2396 521 2442 79.
551 2399 866 2453 descriptionem
896 2399 1028 2441 noctis
1057 2399 1179 2453 orgiis
1208 2404 1431 2441 transactae
1459 2399 1521 2440 ita
1549 2404 1674 2453 poeta
1701 2401 1901 2442 absolvit:

536 2477 631 2531 Ipse
661 2477 787 2518 etiam
817 2478 1000 2531 gaudens
1029 2489 1244 2518 nemorosa
1271 2489 1344 2530 per
1373 2476 1468 2517 avia
1496 2490 1619 2518 sanas

535 2554 764 2607 Impulerat
791 2560 945 2596 matres
974 2554 1137 2596 Baccho
1166 2555 1332 2596 meliore
1362 2554 1580 2596 Cithaeron.

274 2643 528 2699 Adiungitur
555 2642 702 2684 deinde
729 2642 973 2684 similitudo:

534 2718 686 2768 Qualia
713 2732 787 2773 per
813 2719 1040 2773 Rhodopen
1068 2719 1210 2761 rabido
1241 2719 1428 2761 convivia
1456 2724 1575 2760 coetu

533 2798 724 2841 Bistones
753 2803 828 2839 aut
855 2797 999 2839 mediae
1027 2804 1186 2851 ponunt
1215 2798 1467 2839 convallibus
1496 2797 1626 2839 Ossae.

532 2877 621 2919 Illis
649 2875 931 2918 semianimum
960 2888 1086 2928 pecus
1115 2888 1374 2929 excussaeque
1403 2875 1565 2917 leonum

535 2955 621 2999 Ore
650 2956 777 3009 dapes
807 2959 849 2996 et
876 2953 985 2995 lacte
1013 2966 1117 2995 novo
1147 2952 1352 2995 domuisse
1382 2966 1563 2995 cruorem

534 3034 699 3076 Luxus:
730 3037 782 3079 at,
804 3031 952 3087 Ogygii
980 3031 1016 3073 si
1044 3032 1207 3085 quando
1237 3031 1400 3072 afflavit
1427 3031 1567 3072 Iacchi

534 3111 678 3155 Saevus
706 3112 817 3161 odor,
845 3115 944 3152 tunc
972 3122 1075 3152 saxa
1102 3122 1241 3160 manu,
1270 3115 1369 3151 tunc
1398 3109 1545 3163 pocula
1572 3108 1786 3164 pulchrum
