2397 3722
672 340 802 377 Studia
830 341 968 376 Critica
996 342 1037 376 in
1066 338 1262 384 Papinium
1290 338 1464 373 Statium.
1854 351 1907 377 m

513 450 747 504 Praecipuus
776 450 848 491 sed
878 449 985 492 enim
1014 450 1182 491 meritos
1210 448 1405 491 subvexit
1432 449 1474 489 in
1505 455 1622 491 actus

517 528 708 568 Nondum
738 527 989 580 stelligerum
1018 527 1159 570 senior
1186 526 1385 567 dimissus
1417 526 1457 566 in
1489 539 1607 577 axem

301 622 324 629 ⁶
520 604 717 646 claudius
748 610 790 645 et
818 605 936 658 longe
965 604 1197 645 transmisit
1224 603 1390 652 habere,
1420 604 1560 658 nepoti

518 679 621 727 Quis
649 694 819 736 superos
846 687 1026 722 metuens
1046 681 1235 737 pariter.-
1263 685 1328 721 tot
1356 679 1527 733 templa,
1556 684 1621 720 tot
1640 693 1734 721 aras

518 758 795 799 Promeruisse
825 759 960 799 datur.

258 848 365 888 Nam
393 847 495 889 illud
524 848 617 903 quis
631 861 770 888 verum
788 861 876 888 esse
892 852 1012 899 puto:
1044 848 1150 899 quod
1166 848 1306 896 etiam,
1323 859 1445 899 quum
1463 859 1535 898 per
1551 845 1910 900 interrogationem

258 918 423 966 captum
454 919 575 963 esset,
606 927 747 955 ansam
776 913 897 966 hujus
926 918 1055 954 tantae
1085 913 1323 966 corruptelae
1352 911 1574 966 praebuisse
1598 913 1817 954 verisimile
1834 919 1909 955 est.

256 980 367 1029 Jam,
418 981 452 1021 si
496 981 736 1022 arctioribus
766 980 914 1021 finibus
944 980 1269 1020 circumscribere
1298 979 1546 1021 sententiam
1577 992 1783 1029 conamur,
1812 994 1915 1034 quo-

259 1046 369 1086 niam
413 1060 464 1087 ex
505 1047 641 1087 verbis
684 1046 934 1100 stelliyerum
978 1059 1097 1086 axem
1140 1046 1189 1086 de
1220 1046 1525 1086 consecratione
1554 1046 1814 1098 imperatoris
1844 1048 1910 1100 agi

257 1118 444 1165 apparet,
487 1113 669 1154 nondum
712 1118 849 1153 autem
894 1125 1024 1165 neque
1055 1112 1106 1152 ad
1135 1111 1177 1151 id
1206 1117 1381 1164 tempus,
1411 1125 1533 1164 quum
1563 1112 1783 1153 Etruscum
1814 1127 1910 1166 pro-

258 1178 398 1226 movit,
415 1191 545 1232 neque
575 1180 628 1219 ad
656 1179 712 1227 id,
743 1191 863 1231 quum
893 1178 982 1230 ipse
1012 1177 1201 1226 decessit,
1230 1177 1369 1218 referri
1399 1189 1518 1229 posse
1548 1178 1814 1227 ostendimus,
1844 1192 1912 1219 se-

258 1238 408 1297 quitur,
451 1250 499 1285 ut
541 1250 664 1298 poeta
706 1245 860 1298 aliquid
888 1244 1193 1297 significaverit,
1224 1244 1329 1296 quod
1367 1256 1412 1283 eo
1441 1243 1529 1295 ipso
1559 1249 1756 1297 tempore,
1786 1258 1909 1298 quum

229 1306 343 1351 ¹haec
385 1310 607 1359 scribebat,
635 1311 814 1351 nondum
859 1310 901 1350 in
946 1314 1182 1350 consecrato
1227 1309 1398 1350 Claudio
1442 1310 1596 1350 factum
1641 1316 1762 1351 esset.
1820 1311 1911 1352 Hoc

258 1389 376 1429 porro
406 1390 484 1417 non
514 1376 743 1430 ignominiae
773 1390 898 1417 causa
926 1376 1079 1417 dixisse
1108 1375 1378 1417 certissimum
1402 1380 1478 1424 est,
1499 1376 1703 1428 quoniam,
1723 1382 1771 1418 ut
1790 1379 1908 1419 modo

258 1443 635 1491 animadvertimus,
677 1443 720 1482 in
762 1443 913 1483 honore
957 1442 1111 1482 Flaviae
1141 1442 1254 1494 genti
1283 1455 1443 1494 semper
1471 1443 1606 1482 fuerat
1635 1443 1754 1484 divus
1784 1444 1911 1485 Clau-

258 1508 361 1549 dius.
418 1509 583 1557 Restat,
612 1514 660 1549 ut
701 1508 802 1549 nihil
846 1509 958 1549 aliud
1002 1522 1091 1549 eum
1122 1508 1301 1549 voluisse
1331 1513 1563 1549 statuamus
1593 1523 1714 1562 quam
1743 1511 1912 1552 Flavio-

259 1586 348 1614 rum
378 1586 467 1614 cum
499 1574 735 1615 adulatione
765 1574 1023 1626 conjunctam
1053 1574 1367 1626 descriptionem
1397 1587 1641 1626 praeparare,
1670 1581 1731 1623 ut,
1747 1577 1852 1628 quod
1869 1577 1909 1617 in

259 1639 431 1681 Claudio
476 1645 711 1681 consecrato
754 1641 931 1681 nondum
963 1641 1119 1681 factum
1150 1645 1273 1688 esset,
1302 1640 1344 1681 id
1374 1640 1520 1693 quibus
1548 1640 1799 1693 principibus
1821 1643 1909 1694 jam

258 1705 415 1760 pridem
462 1705 713 1760 contigisset,
744 1706 801 1748 eis
831 1707 1049 1748 Etruscum
1080 1719 1106 1747 a
1135 1706 1308 1748 Claudio
1337 1706 1622 1749 transmissum
1652 1708 1910 1762 significave—

258 1773 325 1812 rit.
383 1773 493 1819 Quid
522 1778 660 1813 autem
690 1774 790 1813 illud
820 1773 888 1821 sit,
918 1786 997 1826 quo
1025 1778 1223 1826 praestare
1253 1773 1425 1814 Claudio
1456 1774 1738 1825 Vespasianus
1768 1789 1817 1816 ac
1834 1767 1908 1816 Ti-

259 1844 327 1879 tus
370 1838 573 1888 dicuntur,
616 1840 666 1880 de
697 1853 747 1881 ea
787 1852 830 1880 re
868 1852 989 1893 quam
1020 1839 1290 1893 suspicionem
1319 1840 1558 1887 habeamus,
1587 1846 1675 1881 tum
1705 1855 1827 1894 quum
1859 1843 1912 1883 ad

260 1905 368 1946 hunc
396 1905 527 1958 ipsum
559 1906 689 1947 locum
720 1906 912 1947 instituto
939 1907 1080 1948 ordine
1109 1907 1426 1959 pervenerimus,
1456 1912 1695 1959 exponetur.

371 1971 494 2011 Tales
538 1972 660 2019 locos,
690 1973 759 2024 qui
794 1973 913 2012 multi
942 1972 983 2012 in
1014 1973 1139 2013 Silvis
1169 1978 1328 2020 extant,
1357 1972 1445 2012 sine
1473 1973 1657 2025 graviore
1685 1974 1913 2015 mutatione

260 2037 379 2089 plene
407 2037 572 2078 restitui
600 2051 678 2078 non
709 2051 829 2090 posse
860 2043 902 2079 et
918 2051 999 2086 eos,
1017 2038 1085 2091 qui
1101 2038 1179 2078 nisi
1196 2038 1355 2079 lenibus
1369 2038 1559 2079 remediis
1574 2038 1617 2079 in
1633 2038 1771 2080 Statio
1787 2052 1915 2094 agen-

261 2104 357 2144 dum
400 2117 481 2144 non
524 2108 688 2155 putant,
717 2104 981 2146 vehementer
1017 2117 1152 2145 errare
1182 2104 1285 2144 satis
1314 2117 1388 2156 per
1416 2118 1459 2145 se
1487 2105 1622 2157 ipsum
1652 2106 1909 2158 perspicuum

263 2174 339 2210 est.
397 2169 539 2223 Auget
580 2183 675 2211 vero
712 2171 936 2224 periculum
966 2171 1209 2212 emendandi
1239 2175 1282 2211 et
1310 2170 1612 2220 difficultatem,
1643 2172 1748 2225 quod
1777 2172 1820 2214 in
1848 2173 1912 2214 his

217 2236 222 2242 '
262 2236 508 2278 carminibus
537 2250 617 2278 non
646 2238 764 2278 modo
794 2238 1042 2291 negligentia
1071 2238 1326 2279 librariorum
1356 2251 1405 2278 ac
1433 2243 1589 2291 stupor,
1618 2252 1757 2280 verum
1788 2239 1912 2281 etiam

206 2300 211 2307 ’
260 2303 496 2345 correctoris
541 2304 753 2356 cujusdam
785 2305 960 2346 audacia
988 2310 1180 2358 grassata
1208 2317 1297 2345 esse
1326 2304 1503 2353 videtur,
1532 2310 1591 2354 ut,
1621 2318 1710 2358 quae
1739 2306 1912 2358 primum

262 2369 437 2422 simplici
480 2370 686 2410 oculorum
731 2384 957 2424 manusque
987 2384 1120 2412 errore
1151 2371 1389 2412 exstiterint
1417 2371 1579 2419 menda,
1609 2384 1659 2412 ea
1691 2372 1912 2414 maximam

260 2440 420 2488 partem
464 2449 543 2476 non
583 2437 670 2488 jam
701 2438 812 2478 nuda
840 2442 965 2490 atque
996 2443 1154 2490 aperta,
1184 2438 1255 2477 sed
1284 2450 1484 2489 perversae
1515 2437 1773 2478 correctionis
1802 2443 1913 2479 tam-

220 2522 223 2525 ,
261 2514 382 2555 quam
420 2507 560 2542 crusta
596 2503 772 2554 quadam
803 2504 983 2544 obducta
1009 2503 1276 2555 reperiantur.
1334 2503 1476 2555 Neque
1507 2503 1611 2543 enim
1642 2503 1776 2552 aliter,
1805 2505 1912 2546 unde

258 2568 401 2621 ingens
435 2567 509 2608 illa
545 2568 878 2620 gravissimarum
924 2569 1243 2622 corruptelarum
1273 2568 1496 2609 multitudo
1528 2574 1628 2609 nata
1656 2568 1725 2617 sit,
1754 2569 1912 2611 intelli-

261 2646 354 2687 gere
383 2646 562 2686 possum,
592 2646 712 2686 quam
751 2635 785 2673 si
814 2635 1030 2675 statuerim
1061 2635 1271 2686 exemplar
1296 2634 1411 2682 illud,
1442 2646 1492 2674 ex
1522 2647 1600 2686 quo
1629 2634 1914 2687 Sangallensis

261 2699 449 2754 primum,
493 2713 565 2752 per
608 2700 713 2741 hunc
756 2700 901 2742 deinde
944 2714 1097 2750 omnes,
1142 2700 1210 2754 qui
1240 2700 1461 2741 etiamnum
1493 2705 1674 2750 exstant,
1703 2700 1912 2746 Silvarum

259 2766 418 2808 codices
460 2767 681 2815 fluxerunt,
719 2779 745 2806 a
773 2766 995 2807 semidocto
1026 2768 1254 2808 confectum
1285 2765 1463 2814 librario,
1495 2767 1562 2819 qui
1593 2780 1716 2820 quum
1748 2774 1791 2809 et
1818 2770 1909 2823 ipse

261 2833 409 2875 librum
461 2837 699 2887 sequeretur
735 2832 841 2873 male
886 2837 928 2873 et
971 2832 1223 2886 negligenter
1266 2836 1480 2873 exaratum
1525 2838 1568 2873 et
1611 2834 1789 2877 fortasse
1832 2837 1913 2878 eti-

260 2913 329 2940 am
370 2904 581 2941 vetustate
625 2901 846 2948 adfectum,
897 2904 943 2939 ut
1000 2898 1341 2940 evanescentibus
1393 2899 1543 2940 litteris
1589 2906 1777 2943 extrema
1818 2916 1913 2945 ver-

261 2979 378 3007 suum
426 2971 469 3007 et
508 2965 630 3006 initia
670 2978 969 3019 nonnumquam
999 2965 1068 3004 vix
1098 2964 1250 3016 percipi
1280 2971 1462 3017 possent,
1479 2965 1553 3006 'ita
1581 2979 1655 3019 pro
1685 2981 1758 3009 suo
1788 2975 1913 3023 captu

262 3033 505 3088 corrigendo¹
526 3033 832 3086 supplendoque
861 3031 1067 3085 negotium
1098 3031 1283 3084 gesserit,
1312 3036 1374 3080 ut,
1402 3033 1522 3073 modo
1553 3033 1687 3075 latina
1714 3037 1842 3077 verba
1870 3042 1912 3077 et

258 3098 437 3165 aliquam
481 3103 602 3151 rectae
645 3104 860 3141 structurae
902 3097 1078 3158 speciem
1122 3097 1316 3157 efficeret,
1360 3099 1410 3140 de
1439 3112 1482 3141 re
1511 3099 1605 3155 ipsa
1633 3106 1677 3148 et
1704 3100 1910 3146 sententia
