2382 3768
621 1125 1094 1189 Silvarum
1150 1124 1437 1184 Liber
1496 1120 1569 1181 Ι.

530 1295 782 1349 Praefatio.

375 1390 509 1437 Quid
540 1391 669 1433 enim
700 1397 909 1445 oportet
939 1405 1010 1433 me
1040 1392 1191 1444 hujus
1222 1404 1420 1445 quoque
1451 1390 1781 1431 auctoritate
1810 1387 1922 1428 edi-

266 1466 427 1507 tionis
456 1469 680 1517 onerari,
711 1482 803 1522 quo
833 1469 998 1509 adhuc
1026 1481 1113 1520 pro
1143 1468 1410 1508 Thebaide
1440 1480 1568 1515 mea,
1598 1465 1831 1519 quamvis
1852 1476 1924 1503 me

265 1544 564 1597 reliquerit,
593 1545 776 1586 timeo?

377 1644 519 1683 Verba
554 1649 763 1694 oportet
790 1645 942 1696 hujus
972 1645 1180 1696 supplevit
1208 1644 1425 1684 Domitius.
1485 1644 1590 1689 Quo
1620 1643 1801 1683 codic-um
1832 1654 1921 1681 om-

266 1706 378 1749 nium
420 1707 625 1763 scriptura.
668 1713 751 1751 est:
781 1722 853 1763 pro
884 1723 962 1765 quo
991 1709 1197 1753 Domitius
1227 1708 1349 1766 quod,
1378 1708 1648 1751 Marklandus
1678 1721 1818 1764 quum,
1848 1719 1922 1747 no-

266 1774 457 1815 vissimus
501 1776 632 1816 editor
675 1777 747 1831 qui
790 1777 855 1817 vel
899 1778 1049 1832 quoad,
1093 1778 1165 1818 sed
1210 1790 1300 1817 cum
1330 1776 1598 1816 dubitationis
1627 1773 1922 1828 significatione

269 1841 494 1894 proposuit.
554 1841 735 1888 Quorum
764 1842 938 1896 primum
967 1843 1082 1892 illud,
1113 1844 1220 1897 quod
1249 1844 1384 1884 frusta
1411 1842 1474 1883 ita
1501 1836 1690 1883 Handius
1727 1839 1925 1887 defendit,

269 1911 317 1947 ut
344 1919 417 1960 pro
447 1921 493 1949 eo
524 1908 630 1962 quod
661 1913 725 1949 est
754 1923 1005 1965 quamquam
1034 1909 1164 1963 accipi
1192 1909 1307 1958 velit,
1336 1908 1424 1949 sinc
1453 1907 1577 1949 dubio
1595 1906 1777 1948 omnium
1792 1904 1925 1958 pessi-

269 1986 399 2014 mum:
443 1975 671 2027 posteriora.
712 1976 795 2016 tria
835 1976 1069 2017 tolerabilia
1104 1977 1189 2017 fere
1218 1981 1328 2024 sunt,
1357 1976 1513 2016 nullum
1542 1980 1682 2014 tamen
1712 1971 1925 2025 ejusmodi,

269 2053 348 2094 quo
390 2040 607 2082 sententiae
650 2041 772 2095 plane
809 2042 1000 2083 satisfiat.
1058 2043 1177 2085 Unde
1206 2042 1247 2083 in
1278 2041 1546 2096 suspicionem
1579 2039 1759 2081 adducor
1787 2038 1934 2079 veram

268 2120 357 2148 esse
401 2108 584 2149 codicum
634 2108 892 2162 scripturam,
944 2114 1087 2150 contra
1115 2109 1262 2150 vitium
1290 2109 1333 2149 in
1361 2108 1411 2149 iis
1442 2121 1531 2162 quae
1560 2106 1767 2148 Domitius
1796 2118 1926 2158 supp-

268 2173 369 2215 levit
411 2174 553 2215 latere.
612 2176 775 2217 Certius
814 2180 878 2217 est
914 2176 1041 2217 verba
1084 2176 1315 2230 quamvis
1371 2189 1443 2216 me
1494 2173 1790 2227 reliquerit,
1835 2185 1925 2225 quae

268 2240 368 2281 item
410 2240 452 2281 in
495 2242 683 2282 omnibus
726 2242 931 2283 codicibus
974 2242 1178 2296 leguntur,
1223 2242 1495 2295 corruptelam
1526 2241 1705 2294 aliquam
1735 2238 1926 2280 traxisse.

195 2349 198 2354 ,
270 2307 378 2348 Nam
410 2308 516 2361 quod
545 2308 653 2349 idem
681 2309 870 2350 Handius
898 2322 919 2350 r
929 2309 1028 2351 elin
1043 2322 1068 2363 q
1078 2323 1165 2350 uen
1178 2309 1224 2349 di
1240 2309 1407 2350 verbum
1424 2308 1490 2349 hic
1505 2306 1716 2349 recondita
1730 2305 1870 2359 aliqua
1884 2304 1925 2345 vi

266 2373 445 2426 positum
489 2388 578 2415 esse
622 2375 845 2424 contendit,
891 2381 939 2416 ut
981 2376 1153 2428 perfecti
1192 2381 1235 2416 et
1263 2374 1441 2416 absoluti
1471 2374 1603 2427 operis
1633 2372 1746 2413 notio
1777 2377 1924 2425 sponte

266 2445 474 2489 nascatur,
517 2440 633 2494 quasi
677 2441 828 2482 dixerit
870 2446 1014 2495 poeta:
1059 2438 1271 2495 ”quamvis
1301 2441 1447 2482 limata
1476 2445 1518 2481 et
1546 2439 1731 2493 perfecta
1758 2437 1831 2478 illa
1859 2449 1924 2477 me

270 2503 514 2559 reliquerit”,
559 2520 609 2547 ea
650 2520 745 2547 vero
789 2508 1034 2560 significatio
1077 2508 1200 2560 plane
1244 2508 1379 2548 aliena
1408 2508 1460 2546 ab
1490 2505 1567 2546 hoc
1593 2505 1718 2545 verbo
1746 2504 1923 2543 videtur.

269 2571 484 2625 Relinquit
519 2572 626 2613 enim
656 2577 864 2613 auctorem
895 2573 1177 2627 quodcumque
1207 2573 1259 2613 ab
1290 2586 1336 2613 eo
1366 2572 1602 2620 dimittitur,
1631 2583 1762 2623 neque
1791 2568 1925 2609 minus

268 2638 463 2693 relinquit
490 2638 525 2679 si
554 2638 707 2679 malum
737 2652 859 2693 quam
888 2640 1052 2689 bonum,
1081 2640 1116 2681 si
1144 2640 1380 2681 inchoatum
1410 2651 1532 2692 quam
1556 2636 1810 2678 absolutum:
1827 2648 1924 2689 per-

270 2705 369 2746 fecti
412 2709 551 2745 autem
593 2705 727 2757 operis
769 2705 895 2754 notio,
924 2705 1053 2747 sicubi
1083 2718 1173 2748 cum
1202 2705 1279 2746 hoc
1306 2705 1429 2745 verbo
1460 2704 1678 2756 conjuncta
1704 2702 1927 2750 invenitur,

270 2784 322 2812 ex
349 2770 414 2820 iis,
443 2783 532 2825 quae
561 2771 783 2819 adduntur,
812 2771 1013 2812 exoritur:
1044 2776 1092 2812 ut
1118 2772 1161 2812 in
1192 2784 1237 2812 eo
1266 2771 1370 2822 ipso,
1400 2771 1506 2823 quod
1536 2782 1662 2810 unum
1692 2768 1828 2818 affert,
1854 2781 1930 2809 ex-

272 2837 421 2891 emplo,
451 2837 560 2892 quod
588 2836 763 2891 proximi
792 2836 982 2877 carminis
1010 2836 1128 2878 initio
1156 2837 1325 2891 legitur:

1054 2913 1205 2955 Siculis
1235 2926 1286 2954 an
1319 2913 1578 2954 conformata
1606 2911 1779 2954 caminis

528 2990 698 3045 Effigies
727 2990 879 3032 lassum
909 2989 1124 3044 Steropem
1152 2991 1416 3045 Brontenque
1445 2989 1640 3044 reliquit?

271 3089 342 3131 ubi
391 3089 553 3131 artificii
588 3090 680 3131 laus
709 3089 839 3131 omnis
868 3089 1070 3131 artificum
1098 3089 1280 3144 ipsorum
1311 3090 1543 3132 nominibus
1573 3090 1774 3145 adjuncta.
1803 3089 1927 3131 etiam

271 3156 528 3203 lassitudinis
571 3169 708 3203 eorum
753 3158 961 3202 mentione
985 3157 1232 3206 continetur.
1290 3157 1383 3207 Hac
1419 3163 1559 3211 autem
1588 3157 1745 3209 Handii
1772 3157 1930 3207 ratione
