2434 3775
676 388 807 425 Studia
834 387 972 425 Critica
999 388 1039 423 in
1067 386 1264 431 Rapinium
1292 385 1466 422 Statium.
1851 385 1900 421 21

260 500 406 547 dicam,
449 498 756 550 aspersiuncula
800 511 879 539 non
922 504 970 539 ut
1011 499 1161 546 lumen,
1203 499 1275 538 sed
1304 503 1351 538 ut
1380 497 1541 537 macula
1569 508 1659 536 cum
1688 495 1905 549 offensione

260 564 402 603 statim
444 563 487 603 in
530 564 667 603 oeulos
710 569 820 604 esset
862 562 1101 604 incursura?
1155 563 1251 603 Una
1285 568 1448 603 tantum
1477 566 1642 613 poterat
1671 573 1759 600 esse
1786 562 1906 613 hujus

261 628 548 681 appellationis
594 629 817 678 excusatio,
860 629 979 670 metri
1022 629 1267 678 necessitas;
1305 642 1394 682 quae
1424 627 1537 668 nulla
1566 632 1668 675 erat,
1698 639 1818 679 quum
1846 626 1907 666 ita

260 694 382 733 scribi
411 694 552 735 liceret
579 695 861 747 vulgatissimo
890 696 1072 736 nomine:

1040 771 1189 813 Omnia
1217 777 1386 826 questus

517 848 722 891 Immitem
757 849 957 898 Triviam,
986 854 1135 903 stagna
1161 848 1303 890 invida
1332 853 1375 889 et
1402 847 1543 888 invida
1570 847 1668 888 tela.

261 924 319 965 Et
346 925 406 966 sic
434 930 597 978 poetam
628 927 838 979 scripsisse
868 927 1035 968 confido.

369 1069 415 1111 Ο.
444 1069 521 1119 VI,
548 1069 588 1110 2.

1037 1135 1231 1177 Miserum
1263 1141 1328 1176 est
1355 1135 1552 1188 primaeva
1579 1133 1742 1186 parenti

516 1211 695 1264 Pignora
722 1215 1013 1265 surgentesque
1042 1211 1220 1268 (nefasl)
1250 1213 1470 1252 accendere
1500 1215 1641 1250 natos:

517 1289 673 1329 Durum
704 1294 747 1328 et
775 1288 925 1328 deserti
954 1295 1157 1341 praerepta
1186 1290 1354 1341 conjuge
1383 1294 1543 1341 partem

519 1365 783 1408 Conclamare
812 1365 904 1414 tori,
933 1371 1091 1407 moesta
1119 1372 1162 1407 et
1190 1367 1372 1407 lamenta
1400 1378 1581 1406 sororum

518 1443 576 1485 Et
603 1443 775 1485 fratrum
806 1442 994 1496 gemitus.
1051 1442 1179 1485 Arete
1209 1449 1349 1484 tamen
1378 1448 1421 1483 et
1448 1441 1588 1496 procul
1617 1441 1747 1482 intrat

517 1520 658 1562 Altius
686 1520 729 1561 in
757 1532 901 1561 sensus
930 1520 1165 1574 majoraque
1194 1521 1366 1562 vulnera
1392 1518 1520 1559 vincit

516 1597 648 1651 Plaga
675 1597 816 1638 minor.

257 1692 463 1738 ”Acerbus
493 1701 557 1737 est
585 1693 732 1744 dolon-⁷²,
761 1696 833 1744 ait,
862 1692 1003 1749 ”quem
1033 1709 1084 1736 ex
1113 1696 1200 1736 nati
1229 1696 1294 1736 vel
1325 1695 1505 1749 conjugis
1533 1695 1599 1736 vel
1628 1697 1768 1736 fratris
1792 1709 1906 1737 soro-

256 1762 363 1804 risve
406 1767 536 1804 morte
573 1762 830 1816 percipimus.
887 1762 1021 1803 Multo
1064 1767 1203 1803 tamen
1239 1761 1365 1803 altius
1394 1761 1524 1802 minor
1553 1762 1677 1815 plaga
1704 1763 1835 1803 intrat
1862 1763 1903 1803 in

256 1841 413 1877 sensus,
457 1829 581 1870 etiam
616 1828 773 1880 maj0ra
802 1840 888 1881 quae
918 1832 1116 1880 putantur
1144 1828 1309 1869 vincens
1339 1825 1542 1868 vulnera.”
1600 1828 1737 1875 Quid?
1796 1830 1898 1869 Tam

256 1907 445 1948 perverse
474 1894 654 1936 Statium
685 1894 862 1934 locutum
894 1907 983 1934 esse
1012 1907 1235 1942 censemus,
1265 1899 1312 1934 ut
1341 1894 1400 1934 sic
1429 1894 1615 1935 universe
1643 1896 1907 1936 contenderet

256 1960 362 2001 vinci
406 1961 599 2013 majorem
635 1960 799 2013 plagam
829 1959 986 2008 minori,
1015 1960 1145 2001 levius
1174 1973 1264 2000 esse
1293 1960 1560 2001 domesticum
1591 1960 1739 2001 vulnus
1769 1966 1908 2002 exter·-

257 2026 336 2068 no?
391 2027 536 2067 Nonne
580 2026 722 2067 debuit
764 2026 910 2074 dicere,
955 2039 1201 2079 quamquam
1244 2026 1308 2067 ita
1349 2032 1500 2067 natura
1529 2027 1667 2075 ferret,
1697 2032 1744 2067 ut
1773 2027 1906 2081 magis

256 2093 570 2147 propinquorum
607 2105 729 2146 quam
766 2091 987 2133 alienorum
1024 2092 1241 2134 amissione
1279 2093 1519 2141 doleremus,
1558 2094 1738 2134 converti
1767 2099 1906 2134 tamen

255 2159 363 2199 hunc
405 2159 585 2199 ordinem
621 2173 745 2213 posse
780 2164 854 2198 aut
881 2159 923 2199 in
951 2158 1026 2199 hoc
1054 2160 1201 2199 saltem
1231 2160 1365 2199 Flavii
1395 2173 1492 2199 casu
1522 2173 1611 2200 esse
1641 2160 1907 2200 conversum?

254 2224 322 2266 Ad
364 2224 509 2265 harum
539 2225 849 2265 alteramutram
880 2224 1174 2265 sententiarum
1205 2224 1465 2278 corrigendus
1493 2225 1560 2266 hic
1589 2225 1700 2266 locus
1729 2225 1905 2267 videtur.

256 2290 305 2331 Iu
334 2290 539 2332 codicibus
569 2295 633 2331 est
661 2290 717 2330 ad
746 2296 783 2330 te
810 2296 945 2330 tamen
973 2297 1028 2330 at.
1086 2290 1287 2342 Conjicio:

775 2366 867 2416 Est,
896 2374 954 2408 est
981 2372 1134 2416 tamen,
1163 2374 1209 2407 ut
1236 2368 1376 2419 procul
1406 2368 1529 2408 intret

513 2442 654 2484 Altius
682 2442 723 2484 in
753 2456 896 2484 sensus
925 2444 1159 2498 maioraque
1188 2443 1358 2485 vulnera
1385 2444 1523 2484 vincat

513 2518 646 2571 Plaga
674 2518 815 2560 minor.

365 2618 404 2647 v.
432 2601 499 2647 27.

513 2683 600 2724 Nec
628 2683 746 2725 Paris
776 2684 962 2726 OEbalios
991 2685 1089 2726 talis
1116 2684 1277 2726 visurus
1307 2699 1464 2726 amores

512 2760 706 2802 Rusticus
734 2761 885 2802 invitas
914 2761 1063 2814 dejecit
1090 2762 1132 2802 iu
1162 2775 1325 2815 aequora
1354 2762 1486 2815 pinus.

254 2849 462 2891 Posterior
489 2862 629 2890 versus
657 2849 719 2890 ita
746 2849 982 2902 scribendus
999 2850 1182 2892 videtur:

514 2925 691 2969 Rhoetia
710 2926 902 2984 funestas
930 2928 1079 2980 dejecit
1105 2929 1147 2969 in
1176 2940 1340 2981 aequora
1367 2930 1499 2982 pinus.

255 3004 361 3045 Nam
405 3003 583 3045 Rhoetia
624 3018 696 3058 pro
738 3004 918 3046 Rhoetea
960 3006 1099 3046 eodem
1138 3005 1230 3057 jure
1260 3005 1423 3047 Stat-ius
1452 3008 1572 3056 dixit,
1602 3022 1681 3062 quo
1711 3009 1903 3050 Lucanus

256 3082 328 3123 pro
357 3069 581 3111 Rhoeteum
609 3071 923 3124 promontorium
951 3070 1154 3112 Rhoetion
1183 3072 1334 3123 posuit,
1357 3073 1442 3121 IX,
1470 3072 1574 3123 9633

514 3146 717 3190 Rhoetion
746 3152 789 3189 et
816 3147 987 3191 multum
1016 3148 1212 3191 debentes
1240 3148 1406 3191 vatibus
1436 3151 1617 3194 umbras.
