2374 3738
438 393 478 423 Π
1087 384 1127 421 0.
1157 385 1199 421 Ε.
1229 383 1457 422 Sandstrom.

442 510 531 537 esse
575 497 795 539 dicuntur?
858 497 1004 540 Solent
1045 503 1176 552 poetae
1219 498 1408 540 mulieres
1450 499 1563 540 luctu
1591 499 1842 540 insanientes
1872 495 2098 537 maenadum

444 564 751 616 comparatione
795 565 1044 614 describere;
1088 565 1201 605 luctu
1239 566 1443 605 maenades
1473 566 1607 605 factas
1636 578 1725 606 esse
1754 577 1871 605 nemo
1900 560 2097 603 narravit.

443 628 505 669 At
532 629 636 670 illud
664 630 799 682 ipsum
828 630 959 671 voluit
988 635 1030 671 et
1058 630 1261 671 moenades
1281 629 1414 686 faetoe
1441 636 1536 670 eunt
1563 629 1671 670 idem
1701 635 1765 671 est
1794 643 1843 670 ac
1871 628 1906 669 si
1926 626 2100 667 dixisset
2143 650 2146 654 -

442 695 679 735 moenadum
707 696 793 735 ritu
812 693 1055 752 furuerunt.
1100 696 1263 735 Novum
1292 694 1417 748 igitur
1445 695 1590 735 vitium
1610 694 1964 747 deprehendimus.
1995 690 2097 737 Quae

444 766 509 801 est
553 762 658 802 enim
702 762 785 801 ista
826 766 912 801 tam
943 762 1122 801 absurda
1158 765 1200 801 et
1227 760 1394 801 inficeta
1422 760 1617 801 orationis
1647 758 1941 800 conformatio?
1997 756 2100 803 Quis

444 840 638 881 umquam
667 827 746 868 isto
776 827 894 868 modo
924 826 1199 879 exemplorum
1238 826 1583 867 enumerationem
1614 825 1831 867 conclusit:
1862 824 1922 866 sie
1950 830 1988 864 et
2015 821 2099 863 haeo

445 901 482 935 et
525 893 601 934 illa
635 893 743 950 fecit
780 900 817 934 et
862 907 1108 948 quoeeunque
1136 893 1316 933 maxime
1335 889 1474 949 fecit?
1529 892 1659 933 Nobis
1689 892 1851 945 quidem
1882 892 1972 932 duae
2001 895 2098 930 tan-

444 966 533 1001 tum
562 960 682 1013 hujus
712 959 806 1000 nodi
835 959 1019 1000 solvendi
1048 958 1307 1011 reperiuntur
1334 958 1424 1007 viae,
1455 964 1502 999 ut
1530 971 1672 1000 versus
1701 957 1865 1000 48-49
1895 962 1970 999 aut
1998 969 2098 1010 spu—

444 1026 525 1066 rios
569 1039 656 1066 esse
685 1030 759 1065 aut
786 1025 960 1077 pessime
991 1029 1200 1077 corruptos
1224 1024 1467 1076 judicemus.
1526 1025 1572 1065 Si
1602 1030 1813 1076 corruptos
1843 1037 1932 1064 esse
1961 1027 2098 1063 statu-

444 1092 562 1140 imus,
597 1091 631 1132 si
669 1104 762 1132 vere
800 1091 990 1143 AEgialen
1021 1096 1146 1143 poeta
1185 1090 1426 1139 nominavit,
1456 1090 1685 1132 necessario
1713 1090 1809 1132 huic
1837 1090 2011 1131 alteram
2040 1089 2099 1130 si-

444 1158 549 1197 milis
577 1157 756 1196 infamiae
786 1157 977 1208 adjunxit
1006 1162 1049 1196 et
1077 1157 1300 1207 posteriore
1330 1169 1464 1204 versu,
1494 1170 1565 1196 cur
1592 1157 1669 1196 has
1699 1169 1857 1208 quoque
1872 1156 2097 1202 induceret,

444 1221 754 1275 explicationem
785 1220 965 1275 aliquam
996 1222 1122 1263 dedit.
1168 1220 1301 1271 Quod,
1332 1221 1512 1271 utKalias
1540 1221 1722 1264 rationes
1752 1220 1955 1271 omittam,
1970 1221 2036 1262 vel
2056 1219 2097 1262 in

442 1289 548 1329 hunc
591 1288 754 1328 modum
784 1288 871 1328 fieri
900 1292 1084 1340 poterat:
1114 1287 1297 1343 relinqui
1326 1295 1412 1328 tum
1442 1287 1646 1336 dolebant,
1676 1302 1928 1343 quamquam
1951 1294 2098 1343 postea

440 1368 551 1395 saevae
585 1351 716 1410 factae
758 1360 865 1402 sunt,
894 1354 960 1395 vel
988 1354 1070 1394 ita:
1101 1352 1183 1394 illoe
1213 1368 1372 1409 quoque
1400 1353 1583 1410 relinqui
1611 1353 1816 1403 dolebant,
1846 1369 2097 1409 quamquam

440 1436 465 1461 a
485 1421 624 1476 poetis
652 1434 766 1461 saevae
786 1419 927 1477 fuisse
956 1427 1199 1469 narrantur,
1256 1420 1397 1474 Atque
1426 1421 1468 1461 in
1497 1421 1605 1461 hanc
1634 1420 1900 1474 posteriorem
1931 1426 2099 1461 senten-

438 1488 538 1527 tiam
567 1488 630 1528 ita
657 1486 880 1539 temptavi:

697 1564 858 1610 Questa
887 1570 951 1607 est
979 1565 1155 1619 AEgiaIe,
1186 1569 1334 1618 questa
1363 1570 1427 1605 est
1456 1563 1611 1605 Ledoea
1639 1564 1827 1619 relinqui,

704 1642 778 1684 Tot
808 1656 1057 1697 quamquam
1087 1657 1193 1684 soeva
1213 1642 1429 1700 finierunt
1457 1649 1587 1683 mente
1609 1649 1755 1698 poetae,

435 1720 469 1761 si
500 1721 618 1761 modo
650 1719 821 1769 Ledaea,
861 1721 968 1774 quod
1005 1733 1151 1761 nomen
1196 1720 1306 1773 apud
1343 1720 1445 1761 alios
1474 1720 1642 1761 Helenae
1671 1724 1835 1761 tantum
1865 1721 2001 1769 datur,
2030 1720 2096 1761 hic

434 1800 507 1838 pro
553 1788 874 1840 Clytaemnestra
916 1787 1046 1839 accipi
1089 1792 1239 1838 potest.
1296 1786 1415 1827 Soeva
1458 1791 1596 1826 autem
1632 1793 1762 1826 mente
1790 1787 2018 1844 finxerunt,
2049 1792 2096 1826 ut

426 1852 566 1909 fuisse
594 1868 663 1894 eas
692 1852 900 1902 audiatur,
930 1854 1073 1894 eadem
1090 1852 1295 1894 brevitate
1311 1852 1417 1893 dixit
1432 1866 1513 1905 qua
1531 1852 1736 1906 Vergilius
1751 1853 1847 1894 AEn.
1868 1853 1969 1914 XII,
1985 1852 2086 1894 218:

697 1929 758 1970 At
786 1943 882 1971 vero
910 1929 1078 1970 Rutulis
1106 1929 1240 1982 impar
1269 1943 1318 1970 ea
1346 1942 1484 1982 pugna
1511 1929 1640 1970 videri

695 2008 948 2048 Jamdudum
979 2011 1021 2048 et
1048 2007 1162 2047 vario
1192 2007 1352 2047 misceri
1381 2012 1550 2059 pectora
1578 2012 1704 2055 motu,

696 2085 802 2126 Tum
831 2084 976 2138 magis,
1007 2089 1054 2126 ut
1082 2084 1248 2138 propius
1278 2091 1447 2126 cernunt
1475 2099 1557 2126 non
1585 2085 1746 2127 viribus
1774 2086 1913 2142 oequis.

434 2172 516 2214 Ubi
532 2173 720 2214 similiter
735 2178 778 2214 et
792 2186 1014 2226 pronomen
1032 2179 1074 2214 et
1089 2174 1256 2214 verbum
1273 2175 1578 2216 substantivum
1595 2169 1971 2228 tacite'supplenda
1984 2180 2093 2217 sunt.

436 2239 509 2279 Sin
539 2245 678 2280 autem
708 2240 870 2292 spurios
899 2240 974 2280 hos
1002 2253 1145 2281 versus
1176 2254 1264 2281 esse
1288 2241 1535 2292 judicamus,
1566 2255 1638 2293 pro
1668 2241 1733 2283 his
1761 2256 1799 2282 ν.
1831 2242 1885 2283 50
1914 2241 1991 2283 hae
2011 2243 2090 2283 erit

435 2304 705 2355 scribendum,
749 2310 797 2346 ut
827 2306 881 2347 ad
910 2305 1143 2359 Penelopen
1173 2307 1388 2347 referatur.
1445 2307 1503 2348 Et
1531 2307 1685 2360 optime
1715 2307 1878 2361 quidem
1907 2306 1970 2348 ita
1998 2321 2094 2361 pro-

436 2372 552 2411 cedet
594 2372 746 2412 oratio:
788 2372 867 2411 nisi
897 2373 1003 2425 quod
1035 2385 1165 2424 neque
1195 2385 1273 2425 quo
1304 2386 1400 2413 casu
1430 2374 1617 2414 indoctus
1647 2361 1917 2427 interpolator
1944 2374 1987 2413 in
2015 2375 2095 2414 AE-

407 2482 410 2485 Δ
435 2436 552 2489 gialae
595 2450 739 2479 nomen
769 2437 961 2479 inciderit
990 2451 1120 2491 neque
1151 2451 1228 2491 quo
1259 2439 1424 2480 consilio
1455 2440 1598 2481 doctus
1628 2441 1851 2482 absurdum
1879 2440 1995 2481 illum
2026 2440 2094 2494 qui

434 2503 618 2555 sequitur
659 2517 821 2544 versum
866 2504 1114 2555 procuderit‚
1158 2504 1277 2544 facile
1308 2506 1521 2558 quisquam
1552 2506 1780 2558 explicarit.
1837 2507 1993 2546 Verum
2024 2511 2093 2546 ut-

436 2582 591 2623 cunque
634 2571 684 2611 de
726 2571 804 2611 hoc
847 2571 935 2611 loco
978 2570 1214 2620 statuimus,
1257 2571 1320 2611 ita
1347 2578 1395 2612 ut
1423 2586 1530 2613 nunc
1558 2573 1761 2622 scribitur,
1792 2587 1818 2613 a
1845 2573 1984 2614 Statio
2014 2587 2093 2614 non

436 2647 524 2676 esse
552 2636 780 2689 profectum
817 2637 869 2678 ob
901 2649 1072 2691 eamque
1103 2649 1283 2687 causam,
1313 2638 1419 2691 quod
1448 2638 1543 2679 inde
1571 2638 1845 2681 Baehrensius
1876 2639 2094 2689 concludit,

436 2702 619 2742 concludi
647 2717 726 2743 non
756 2716 877 2755 posse
907 2703 1178 2744 certissimum
1210 2709 1285 2744 est.

547 2776 665 2824 Quod
694 2793 790 2821 vero
819 2780 928 2822 idem
959 2780 1060 2822 dicit
1074 2780 1356 2834 neglegentius
1373 2780 1414 2822 in
1431 2780 1583 2823 fabulis
1599 2780 1779 2823 Statium
1797 2782 1951 2824 versari
1969 2787 2094 2836 atque

438 2842 560 2883 etiam
591 2845 833 2887 festinantia
861 2847 1023 2899 lapsum
1054 2860 1210 2888 errores
1238 2847 1280 2887 in
1309 2847 1386 2888 hoc
1404 2860 1550 2901 genere
1571 2847 1819 2889 commisisse
1839 2849 2095 2899 manifestos,

436 2908 479 2947 id
524 2913 565 2949 et
608 2910 726 2952 facile
763 2912 849 2953 fieri
878 2913 1063 2965 potuisse
1092 2918 1135 2954 et
1163 2926 1243 2954 uuo
1273 2913 1453 2955 alterove
1482 2914 1570 2954 loco
1600 2914 1755 2954 factum
1786 2928 1874 2955 esse
1905 2915 2094 2956 concedo.

438 2972 697 3027 Quamquam
728 2980 834 3030 quod
862 2979 985 3031 hujus
1013 2979 1177 3020 incuriae
1206 2980 1324 3032 ponit
1354 2980 1585 3033 exemplum
1616 2992 1666 3019 ex
1696 2980 1873 3022 carmine
1886 2981 1928 3022 in
1946 2994 2094 3034 equum

436 3040 660 3082 maximum
690 3042 936 3085 Domitiani:
1890 3040 1897 3050 ’

698 3118 818 3159 Hunc
846 3133 977 3173 neque
1007 3121 1187 3164 discissis
1217 3122 1422 3178 cepissent
1450 3122 1655 3176 Pergama
1682 3122 1808 3162 muris
