2434 3775
469 415 520 451 20
1116 413 1156 450 C.
1187 414 1230 451 E.
1259 413 1486 451 Sandstrom.

463 528 607 581 Neque
635 527 731 568 inde
762 527 936 580 effigiem
967 532 1010 567 et
1024 541 1070 568 os
1085 527 1207 568 Blaesi
1223 529 1428 581 cognitum
1443 529 1594 570 habere
1610 533 1774 580 poterat
1788 527 1998 576 Glaucias,
2013 528 2120 580 qnod

465 598 578 634 serta
619 593 762 633 herum
800 593 1010 645 ligantem,
1040 594 1111 633 sed
1142 595 1248 646 quod
1277 594 1388 634 illius
1417 594 1633 648 imaginem
1664 594 1728 634 his
1757 594 1877 635 sertis
1906 598 2118 634 ornantem

466 672 574 712 saepe
620 659 730 699 domi
773 659 955 707 viderat;
985 672 1115 711 neque
1146 659 1214 712 qui
1245 660 1394 699 mortui
1426 660 1545 701 amici
1578 660 1814 700 memoriam
1843 660 1994 700 honore
2023 672 2119 712 pro·

465 726 665 779 sequitur,
702 725 778 765 hoc
813 725 902 776 ipso
932 729 1127 776 tempore,
1166 738 1243 776 quo
1274 730 1589 766 consentaneum
1620 730 1684 765 est
1713 738 1804 765 eum
1835 738 1926 766 cum
1955 737 2120 765 maerore

468 792 646 845 quodam
677 795 720 831 et
749 789 947 831 desiderio
979 794 1181 830 mortuum
1211 790 1427 839 recordari,
1458 796 1555 843 apte
1585 804 1707 831 curas
1726 797 1893 846 pectore
1914 797 2066 845 terqere
2093 790 2120 831 i.

466 871 501 898 e.
531 858 736 910 depellere
766 856 926 896 dieitur.
984 856 1229 895 Persuasum
1259 856 1389 895 habeo
1420 869 1446 895 a
1475 857 1611 897 Statio
1643 856 1796 909 aliquid
1826 857 1867 896 in
1898 857 2004 896 hanc
2033 858 2117 897 for-

467 938 575 965 mam
606 924 861 977 profectum:

729 1000 913 1039 Noverat
943 998 1116 1051 effigiem
1147 998 1411 1051 generosique
1441 998 1571 1038 ardua
1598 997 1721 1037 Blaesi

730 1074 815 1116 Ora
843 1087 956 1126 puer,
985 1074 1081 1114 dum
1109 1086 1218 1126 saepe
1248 1073 1356 1114 domi
1386 1087 1492 1114 nova
1521 1078 1634 1114 serta
1661 1073 1857 1126 ligantem

728 1151 786 1191 Te
816 1150 929 1191 videt
958 1155 1000 1190 et
1028 1150 1181 1190 similes
1210 1156 1429 1191 nectentem
1457 1149 1602 1191 vellere
1631 1163 1758 1190 ceras.

465 1230 572 1269 Nam
610 1231 757 1279 praeter
792 1225 946 1265 similes
982 1239 1108 1274 ceras,
1139 1227 1246 1279 quod
1275 1239 1415 1266 verum
1446 1239 1534 1266 esse
1564 1226 1671 1266 omni
1701 1227 1867 1279 pignore
1897 1226 2121 1272 adfirmem,

466 1295 516 1336 de
546 1292 693 1334 ceteris
721 1292 857 1333 verbis
887 1290 1021 1332 adhuc
1050 1291 1205 1333 dubito.

573 1458 619 1500 C.
648 1457 726 1506 ΙΙΙ,
753 1452 822 1498 37.

1245 1521 1394 1565 Omnia
1423 1526 1591 1576 questus

726 1600 930 1642 Immitem
960 1599 1183 1649 Bromium,
1212 1605 1362 1653 stagna
1390 1600 1532 1641 invida
1561 1605 1604 1641 et
1631 1599 1772 1641 invida
1799 1600 1897 1642 tela.

460 1712 668 1753 Bromium
699 1713 820 1752 deum
852 1711 952 1751 nihil
981 1711 1048 1751 hic
1078 1711 1229 1763 negotii
1258 1711 1411 1751 habere
1440 1710 1698 1763 perspicuum
1729 1716 1804 1752 est.
1847 1711 1928 1752 Pro
1959 1724 2006 1751 eo
2029 1710 2117 1751 Jos.

462 1779 647 1832 Scaliger
674 1778 826 1818 Brimo
869 1776 1053 1826 induxit3
1098 1790 1186 1830 quae
1217 1777 1451 1829 conjectura
1479 1790 1640 1817 summa
1668 1777 1938 1818 admiratione
1968 1790 1994 1817 a
2021 1775 2119 1818 viris

461 1845 593 1886 doctis
637 1849 824 1897 excepta,
868 1856 977 1892 mox,
1018 1848 1183 1884 auctore
1214 1842 1433 1891 Gronovio,
1464 1842 1588 1883 etiam
1617 1843 1659 1884 in
1688 1848 1863 1892 textum,
1893 1843 1961 1897 qui
1995 1854 2120 1884 voca-

464 1915 547 1959 tur,
593 1911 645 1951 ab
690 1909 915 1951 editoribus
959 1909 1140 1950 admissa
1183 1914 1247 1949 est
1283 1913 1447 1949 tantum
1477 1922 1558 1949 non
1587 1909 1786 1958 omnibus,
1817 1915 1859 1951 et
1888 1909 2118 1950 litterarum

466 1990 556 2018 cum
593 1976 750 2017 tradita
779 1976 984 2027 scriptura
1011 1975 1278 2015 similitudine
1308 1975 1594 2016 commendata
1623 1980 1665 2015 et
1694 1975 1875 2016 nonnihil
1905 1975 2042 2024 etiam,
2073 1980 2119 2016 ut

465 2043 620 2096 opinor,
664 2041 881 2095 magnifica
923 2041 1100 2093 quadam
1138 2040 1331 2081 doctrinae
1360 2040 1495 2093 specie
1525 2040 1806 2082 adblandiens.
1865 2042 2022 2082 Vereor
2051 2046 2119 2082 ta-

466 2123 572 2157 men,
602 2122 652 2148 ne
682 2121 762 2148 non
791 2107 879 2147 sine
910 2119 1035 2147 causa
1064 2107 1113 2147 de
1143 2106 1319 2146 veritate
1349 2106 1471 2159 hujus
1501 2107 1797 2148 emendationis
1812 2107 2120 2148 addubitaverit

465 2175 751 2221 Marklandus,
781 2173 842 2213 vir
871 2173 1173 2225 sagacissimus,
1204 2178 1247 2212 et
1275 2172 1426 2212 rectius
1455 2173 1727 2214 venerabilem
1756 2174 1870 2214 illam
1894 2174 2033 2214 Brimo
2049 2187 2119 2215 eo·

466 2243 559 2283 dem
604 2253 681 2293 quo
725 2237 934 2279 Bromium
978 2238 1090 2278 abire
1128 2238 1358 2290 jubeamus.
1417 2237 1534 2279 Licet
1575 2238 1697 2293 enim,
1726 2244 1774 2280 ut
1803 2252 1853 2280 ex
1882 2239 2034 2280 scholio
2064 2239 2117 2280 ad

466 2307 605 2359 Apoll.
650 2305 784 2345 Rhod.
829 2305 869 2351 3,
898 2303 992 2344 861.
1023 2308 1210 2355 apparet,
1240 2304 1409 2343 Hecatae
1437 2304 1513 2344 hoc
1543 2317 1687 2345 nomen
1717 2305 1854 2354 fuerit,
1884 2311 1931 2345 ut
1961 2318 2006 2345 eo
2038 2305 2117 2346 eti-

466 2386 532 2414 am
570 2371 709 2412 Diana
745 2369 965 2424 significari
1003 2369 1298 2422 quodammodo
1328 2369 1470 2421 possit,
1499 2374 1651 2420 tamen,
1678 2376 1727 2415 ut
1756 2370 1943 2412 omittam
1974 2384 2117 2424 parum

465 2438 755 2480 convenienter
796 2436 858 2475 id'
883 2448 1043 2483 nomen,
1074 2447 1196 2487 quum
1226 2435 1366 2487 graecis
1395 2440 1556 2475 tantum
1587 2437 1738 2477 fabulis
1768 2437 2018 2477 celebratum
2048 2437 2116 2485 sit,

462 2506 504 2546 in
550 2518 600 2545 ea
642 2517 686 2543 re
733 2501 952 2549 narranda,
997 2514 1085 2553 quae
1129 2500 1171 2540 in
1215 2500 1345 2541 medio
1383 2501 1503 2541 Latio
1533 2502 1698 2554 geritur,
1727 2502 1877 2551 induci,
1906 2504 1985 2544 dea
2011 2503 2117 2556 ipsa,

464 2583 587 2625 quum
634 2569 697 2609 ita
739 2567 988 2621 appellatur,
1021 2566 1152 2607 tristis
1183 2567 1366 2619 quaedam
1397 2572 1520 2620 atque
1549 2567 1752 2610 horribilis
1782 2569 1997 2623 cogitatur,
2026 2582 2118 2611 ma-

464 2650 607 2691 garum
651 2647 803 2688 praeses
847 2646 897 2673 ac
940 2632 1117 2680 domina,
1146 2632 1293 2672 subitis
1322 2633 1542 2674 terroribus
1572 2635 1859 2689 nocturnisque
1888 2635 2117 2677 simulacris

466 2703 663 2745 mortales
694 2700 913 2754 exagitans
942 2722 997 2728 —
1025 2698 1123 2739 talis
1153 2698 1337 2752 denique,
1368 2700 1498 2753 qualis
1527 2700 1568 2742 in
1597 2701 1675 2743 hac
1703 2702 1859 2744 rustica
1887 2706 1929 2743 et
1945 2715 2118 2744 amoena

465 2770 621 2811 fabella
650 2766 820 2820 cogitari
850 2765 1015 2805 minime
1046 2765 1180 2805 debet.
1237 2765 1393 2806 Deinde
1424 2780 1545 2819 quum
1574 2767 1616 2808 in
1647 2768 1871 2817 Thebaide,
1900 2781 2021 2821 opere
2036 2781 2116 2809 non

465 2837 583 2877 modo
614 2835 667 2875 ad
696 2831 849 2886 ingenii
878 2831 1055 2879 laudem,
1084 2831 1155 2871 sed
1186 2830 1308 2872 etiam
1338 2832 1391 2872 ad
1420 2833 1613 2874 doctrinae
1644 2834 1881 2887 composito,
1896 2847 2116 2888 numquam

463 2903 541 2943 hoc
583 2899 830 2942 vocabulum
877 2897 1135 2949 usurpaverit
1163 2903 1298 2950 poeta,
1327 2911 1377 2939 ne
1407 2912 1452 2940 eo
1483 2900 1644 2954 quidem
1675 2901 1775 2950 loco,
1805 2900 1874 2942 ubi
1905 2900 2117 2954 aptissime

464 2974 641 3021 poterat,
670 2967 713 3007 in
743 2977 951 3006 sacrorum
979 2963 1138 3004 illorum
1168 2964 1450 3017 descriptione,
1481 2967 1627 3020 quibus
1657 2968 1709 3007 ad
1739 2967 2045 3008 vaticinandum
2068 2980 2118 3007 ex

464 3035 606 3075 inferis
649 3032 778 3084 Lajus
822 3030 983 3071 elicitur
1025 3053 1078 3059 -—
1121 3044 1190 3070 cur
1225 3031 1290 3071 hic
1319 3045 1537 3085 usurpasse
1568 3034 1794 3082 credamus,
1823 3046 1865 3074 re
1894 3033 1999 3086 ipsa,
2030 3046 2118 3086 quae

464 3099 725 3148 narrabatur,
756 3110 836 3137 non
866 3096 985 3136 modo
1016 3108 1093 3136 non
1122 3096 1336 3147 invitante,
1365 3099 1437 3139 sed
1467 3099 1592 3139 etiam
1621 3104 1853 3151 respuente,
1881 3099 1922 3139 in
1940 3099 2118 3140 carmine

462 3173 550 3209 tam
594 3163 847 3213 inaffectato,
891 3167 977 3203 tam
1022 3161 1217 3215 simplice,
1248 3169 1294 3205 ut
1322 3164 1410 3206 haec
1438 3164 1677 3207 interiorum
1707 3164 1952 3215 litterarum,
1982 3170 2029 3206 ut
2055 3164 2119 3206 ita
