2360 3809
660 409 790 448 Studia
818 410 958 448 critica
983 410 1024 447 in
1050 410 1249 457 Ριρίιὶιιιιι
1277 409 1454 448 Statium.
1850 410 1901 447 81

258 526 290 565 1.
321 539 356 566 e.
386 530 435 565 ut
462 524 516 565 ad
543 523 687 564 vultus
715 523 807 563 alioe
835 536 997 576 quoque
1024 535 1104 571 res,
1133 523 1282 576 quibus
1310 528 1551 576 agnosceret
1577 523 1695 571 filios,
1723 536 1909 565 accesse-

253 595 364 639 runt,
392 588 512 644 signa
539 588 705 631 ensibus
732 589 935 643 impressa
962 594 1006 630 et
1032 588 1282 630 vestimenta
1308 588 1526 642 imaginem
1557 588 1688 642 patris
1704 588 1906 631 intextam

250 655 460 712 habentia..
516 655 762 716 Accedendi·
782 655 893 696 notio
923 668 975 696 ex
1003 655 1290 709 praepositione
1319 656 1441 696 facile
1469 655 1696 708 suppletur.

360 797 453 840 Lib.
483 798 560 848 VI,
590 794 657 841 ⁹76.

512 876 610 918 Jam
640 882 742 918 tunc
776 882 823 918 et
850 883 952 918 nota
979 877 1155 918 stabulis
1184 878 1234 918 de
1264 883 1386 931 gente
1416 877 1612 930 probatos

511 954 561 995 In
589 968 735 997 nomen
763 956 963 1009 pascebat
992 968 1115 1009 equos
1145 955 1382 1009 cinctusque
1410 959 1606 996 sonantes

510 1030 720 1086 Armaque
749 1032 922 1085 majores
952 1037 1221 1085 expectatura
1250 1032 1438 1073 lacertos.

510 1108 617 1162 Spes
645 1109 778 1150 avidae
806 1122 909 1163 quas
942 1122 1022 1150 non
1051 1110 1092 1150 in
1121 1122 1267 1151 nomen
1297 1110 1465 1151 credula
1493 1115 1633 1151 vestes

511 1186 700 1239 Urgebat
727 1186 864 1228 studio
894 1186 1107 1240 cultusque
1135 1186 1312 1240 insignia
1338 1187 1453 1240 regni

506 1262 738 1315 Purpureos
766 1267 1051 1315 sceptrumque
1079 1263 1238 1304 minus?
1293 1263 1454 1304 Cuncta
1480 1263 1643 1316 ignibus
1673 1262 1777 1304 atris

510 1339 697 1381 Damnat
724 1344 845 1381 atrox
873 1352 1027 1393 suaque
1056 1340 1144 1393 ipse
1172 1353 1320 1393 parens
1348 1340 1580 1394 gestamina
1608 1340 1720 1390 ferri,

511 1417 559 1459 Si
587 1416 748 1458 damnis
777 1417 964 1458 rabidum
994 1423 1119 1471 queat
1147 1423 1384 1459 exsaturare
1413 1418 1605 1460 dolorem.

359 1552 517 1593 Versus
559 1548 738 1600 79-83,
772 1551 879 1604 quod
910 1556 952 1591 et
979 1550 1022 1591 in
1051 1550 1208 1591 duobus
1237 1550 1441 1591 codicibus
1470 1545 1623 1592 absunt
1651 1558 1695 1593 et
1723 1565 1750 1593 a
1777 1552 1900 1594 scho-

249 1616 374 1658 liasta
401 1621 710 1671 praetereuntur‚
741 1623 951 1670 tamquam
979 1615 1248 1669 interpolatos
1285 1616 1397 1657 uncis
1411 1617 1584 1658 includit
1598 1617 1647 1659 Ο.
1663 1618 1903 1659 Muellerus.

250 1684 377 1737 Cujus
420 1688 664 1738 argumenta
706 1696 829 1738 quam
871 1683 953 1723 vim
992 1682 1189 1731 habeant,
1220 1695 1342 1736 quum
1371 1683 1656 1737 prolegomena
1683 1685 1771 1737 ejus
1800 1698 1905 1726 non-

246 1750 342 1790 dum
373 1750 557 1798 viderim,
580 1749 767 1802 judicare
800 1762 880 1789 non
910 1762 1090 1801 possum.
1147 1749 1255 1789 Illud
1284 1749 1439 1797 dubito,
1468 1763 1521 1790 an
1551 1763 1641 1790 cum
1670 1751 1794 1799 verbo
1814 1766 1904 1806 pa-

250 1816 400 1865 scebat,
443 1822 490 1857 ut
535 1822 671 1871 equos,
713 1816 772 1857 sic
815 1816 980 1856 nomina
1015 1817 1170 1856 cinctus
1198 1820 1241 1856 et
1269 1829 1389 1855 arma
1416 1816 1604 1869 conjungi
1633 1829 1712 1857 non
1740 1817 1903 1869 possint

249 1882 326 1923 nisi
356 1895 429 1935 per
456 1895 628 1936 zeugma
654 1887 741 1923 tam
771 1881 1002 1923 inauditum
1032 1894 1082 1923 ac
1108 1894 1302 1934 praeceps,
1332 1886 1379 1921 ut
1408 1881 1532 1922 etiam
1562 1882 1690 1923 Statii
1703 1882 1901 1937 insignem

245 1949 288 1989 in
331 1949 407 1989 hoc
448 1961 594 2001 genere
631 1947 844 1988 audaciam
875 1948 1070 1989 excedere
1099 1947 1226 1987 videri
1255 1947 1418 1987 debeat.
1474 1948 1617 2001 Neque
1646 1948 1753 1989 enim
1775 1950 1901 2004 pasci

246 2014 273 2055 i.
304 2027 339 2055 e.
369 2014 516 2055 nutriri
559 2019 603 2055 et
645 2013 700 2054 ali
728 2027 794 2054 res
821 2012 1012 2054 inanimae
1041 2013 1243 2061 dicuntur,
1272 2012 1353 2053 nisi
1382 2026 1469 2066 quae
1499 2012 1720 2054 crescendi'
1734 2015 1902 2056 dumta-

245 2085 322 2122 xat
377 2080 633 2134 augendique
684 2079 883 2120 facultate
926 2080 979 2120 ad
1023 2078 1293 2120 animantium
1336 2078 1643 2121 similitudinem
1688 2081 1901 2122 accedunt.

247 2146 386 2194 Quare
428 2146 653 2188 subsistere
693 2146 735 2186 in
764 2145 828 2185 his
866 2145 1097 2186 nominibus
1126 2145 1351 2186 orationem
1381 2158 1459 2186 non
1489 2151 1589 2198 puto
1619 2148 1902 2199 quaerendum-

246 2226 324 2268 que
368 2218 526 2268 aptum,
570 2212 676 2254 unde
705 2212 927 2265 pendeant,
956 2212 1125 2253 verbum
1153 2210 1194 2252 in
1223 2210 1288 2261 iis,
1319 2211 1387 2266 qui
1417 2211 1590 2271 proximi
1618 2212 1763 2254 traditi
1791 2218 1902 2263 sunt,

243 2279 449 2321 versibus:
495 2279 564 2332 qui
605 2284 756 2331 praeter
792 2274 859 2326 79,
905 2291 1026 2332 quem
1071 2277 1249 2318 maxime
1287 2270 1521 2331 suspectum
1551 2279 1654 2319 facit
1680 2279 1900 2332 repetitum

244 2345 347 2388 illud
376 2345 422 2386 in
449 2359 608 2394 nomen,
637 2351 790 2393 omnes,
819 2344 906 2386 sive
934 2357 1020 2386 rem
1049 2344 1136 2385 sive
1165 2343 1389 2386 orationem
1418 2344 1634 2394 intuemur,
1663 2345 1767 2386 satis
1795 2345 1899 2388 bene

242 2425 287 2454 se
328 2411 496 2454 babent.
553 2411 704 2452 Totum
748 2410 879 2451 locum
921 2409 984 2450 ita
1017 2415 1127 2452 recte
1162 2410 1355 2451 constitui
1383 2423 1502 2463 posse
1531 2410 1722 2451 arbitror:

507 2565 536 2607 J
538 2578 604 2607 am
633 2570 734 2607 tunc
763 2569 806 2606 et
834 2569 935 2607 nota
962 2564 1139 2606 stabulis
1167 2565 1217 2606 de
1245 2569 1367 2619 gente
1395 2564 1591 2618 probatos

502 2643 553 2685 In
581 2655 728 2684 nomen
756 2642 956 2695 pascebat
984 2655 1108 2696 equos
1144 2641 1380 2695 cinctusque
1408 2646 1603 2682 sonantes

504 2721 716 2774 Armaque
746 2721 922 2773 majores
952 2725 1223 2773 expectatura
1249 2719 1426 2761 lacertos

501 2797 623 2853 [Spes
651 2797 786 2846 avidi,
815 2811 940 2853 qnam
968 2811 1048 2838 non
1076 2797 1118 2838 in
1147 2810 1293 2838 nomen
1322 2796 1489 2837 credula
1512 2794 1678 2852 yestiel]

502 2876 689 2929 Urgebat
717 2874 853 2915 studio
883 2875 1098 2928 cultusque
1126 2874 1302 2928 insignia
1329 2873 1445 2927 regni

499 2952 731 3007 Purpureos
759 2957 1045 3005 sceptrumque
1074 2951 1219 2992 minus.
1257 2951 1420 2993 Cuncta
1446 2950 1609 3005 ignibus
1638 2950 1742 2993 atris

501 3031 687 3072 Damnat
714 3034 834 3071 atrox
863 3031 1018 3082 suaque
1045 3028 1135 3081 ipse
1156 3034 1289 3084 parat
1318 3027 1550 3083 gestamina
1577 3028 1690 3079 ferri,

504 3107 551 3151 Si
580 3099 740 3150 damnis
768 3105 955 3148 rabidum
986 3111 1112 3161 queat
1141 3101 1383 3148 exsaturare
1411 3106 1605 3149 dolorem.
