<?xml version="1.0" encoding="UTF-8"?>
<!DOCTYPE html PUBLIC "-//W3C//DTD XHTML 1.0 Transitional//EN"
    "http://www.w3.org/TR/xhtml1/DTD/xhtml1-transitional.dtd">
<html xmlns="http://www.w3.org/1999/xhtml" xml:lang="en" lang="en">
 <head>
  <title>
</title>
<meta http-equiv="Content-Type" content="text/html;charset=utf-8" />
  <meta name='ocr-system' content='tesseract 3.04.00' />
  <meta name='ocr-capabilities' content='ocr_page ocr_carea ocr_par ocr_line ocrx_word'/>
</head>
<body>
  <div class='ocr_page' id='page_1' title='image "4770924_0024.png"; bbox 0 0 2381 3745; ppageno 0'>
   <div class='ocr_carea' id='block_1_1' title="bbox 475 366 1488 406">
    <p class='ocr_par' dir='ltr' id='par_1_1' title="bbox 475 366 1488 406">
     <span class='ocr_line' id='line_1_1' title="bbox 475 366 1488 406; baseline 0.005 -5"><span class='ocrx_word' id='word_1_1' title='bbox 475 366 498 401; x_wconf 82' lang='lat'><strong>6</strong></span> <span class='ocrx_word' id='word_1_2' title='bbox 1116 366 1156 403; x_wconf 82' lang='lat' dir='ltr'><strong>O.</strong></span> <span class='ocrx_word' id='word_1_3' title='bbox 1188 366 1230 403; x_wconf 77' lang='grc' dir='ltr'><strong>Ε.</strong></span> <span class='ocrx_word' id='word_1_4' title='bbox 1260 368 1488 406; x_wconf 67' lang='lat' dir='ltr'><strong>saud-trum.</strong></span> 
     </span>
    </p>
   </div>
   <div class='ocr_carea' id='block_1_2' title="bbox 588 477 1920 678">
    <p class='ocr_par' dir='ltr' id='par_1_2' title="bbox 588 477 1920 678">
     <span class='ocr_line' id='line_1_2' title="bbox 588 477 727 521; baseline 0.007 -2"><span class='ocrx_word' id='word_1_5' title='bbox 588 491 628 520; x_wconf 91' lang='lat' dir='ltr'><strong>v.</strong></span> <span class='ocrx_word' id='word_1_6' title='bbox 658 477 727 521; x_wconf 85' lang='lat'><strong>64.</strong></span> 
     </span>
     <span class='ocr_line' id='line_1_3' title="bbox 1005 547 1871 601; baseline 0 -13"><span class='ocrx_word' id='word_1_7' title='bbox 1005 548 1234 589; x_wconf 81' lang='lat' dir='ltr'>Continuus</span> <span class='ocrx_word' id='word_1_8' title='bbox 1263 561 1337 601; x_wconf 88' lang='lat' dir='ltr'><strong>per</strong></span> <span class='ocrx_word' id='word_1_9' title='bbox 1365 553 1524 600; x_wconf 83' lang='lat' dir='ltr'><strong>septem</strong></span> <span class='ocrx_word' id='word_1_10' title='bbox 1555 547 1733 589; x_wconf 86' lang='lat' dir='ltr'><strong>culmina</strong></span> <span class='ocrx_word' id='word_1_11' title='bbox 1761 548 1871 588; x_wconf 88' lang='lat' dir='ltr'><strong>coelo</strong></span> 
     </span>
     <span class='ocr_line' id='line_1_4' title="bbox 741 625 1920 678; baseline 0.002 -14"><span class='ocrx_word' id='word_1_12' title='bbox 741 625 782 665; x_wconf 92' lang='lat' dir='ltr'><strong>It</strong></span> <span class='ocrx_word' id='word_1_13' title='bbox 811 625 949 677; x_wconf 85' lang='lat' dir='ltr'><strong>fragor</strong></span> <span class='ocrx_word' id='word_1_14' title='bbox 978 631 1021 666; x_wconf 90' lang='lat' dir='ltr'><strong>et</strong></span> <span class='ocrx_word' id='word_1_15' title='bbox 1049 638 1208 678; x_wconf 83' lang='lat' dir='ltr'><strong>magnae</strong></span> <span class='ocrx_word' id='word_1_16' title='bbox 1238 625 1366 666; x_wconf 89' lang='lat' dir='ltr'><strong>vincit</strong></span> <span class='ocrx_word' id='word_1_17' title='bbox 1394 638 1503 678; x_wconf 84' lang='lat' dir='ltr'><strong>vaga</strong></span> <span class='ocrx_word' id='word_1_18' title='bbox 1530 638 1739 666; x_wconf 86' lang='lat' dir='ltr'><strong>murmura</strong></span> <span class='ocrx_word' id='word_1_19' title='bbox 1766 625 1920 666; x_wconf 77' lang='lat' dir='ltr'><strong>Romae.</strong></span> 
     </span>
    </p>
   </div>
   <div class='ocr_carea' id='block_1_3' title="bbox 479 700 2138 821">
    <p class='ocr_par' dir='ltr' id='par_1_3' title="bbox 479 700 2138 821">
     <span class='ocr_line' id='line_1_5' title="bbox 591 700 2138 755; baseline -0.003 -11"><span class='ocrx_word' id='word_1_20' title='bbox 591 700 710 744; x_wconf 85' lang='lat' dir='ltr'><strong>Coelo</strong></span> <span class='ocrx_word' id='word_1_21' title='bbox 754 707 961 755; x_wconf 84' lang='lat' dir='ltr'><strong>praeeunte</strong></span> <span class='ocrx_word' id='word_1_22' title='bbox 1004 701 1167 743; x_wconf 89' lang='lat' dir='ltr'><strong>Handio</strong></span> <span class='ocrx_word' id='word_1_23' title='bbox 1204 702 1478 744; x_wconf 90' lang='lat' dir='ltr'><strong>Baehrensius</strong></span> <span class='ocrx_word' id='word_1_24' title='bbox 1508 700 1637 742; x_wconf 81' lang='lat' dir='ltr'><strong>edidit</strong></span> <span class='ocrx_word' id='word_1_25' title='bbox 1664 713 1737 754; x_wconf 93' lang='lat' dir='ltr'><strong>pro</strong></span> <span class='ocrx_word' id='word_1_26' title='bbox 1767 714 1813 742; x_wconf 92' lang='lat' dir='ltr'><strong>eo</strong></span> <span class='ocrx_word' id='word_1_27' title='bbox 1844 702 1950 755; x_wconf 89' lang='lat' dir='ltr'><strong>quod</strong></span> <span class='ocrx_word' id='word_1_28' title='bbox 1980 700 2138 742; x_wconf 86' lang='lat' dir='ltr'><strong>codices</strong></span> 
     </span>
     <span class='ocr_line' id='line_1_6' title="bbox 479 767 2137 821; baseline 0 -14"><span class='ocrx_word' id='word_1_29' title='bbox 479 768 677 808; x_wconf 83' lang='lat' dir='ltr'><strong>exhibent</strong></span> <span class='ocrx_word' id='word_1_30' title='bbox 719 775 886 816; x_wconf 80' lang='lat' dir='ltr'><strong>montes,</strong></span> <span class='ocrx_word' id='word_1_31' title='bbox 931 770 1037 821; x_wconf 91' lang='lat' dir='ltr'><strong>quod</strong></span> <span class='ocrx_word' id='word_1_32' title='bbox 1081 781 1106 807; x_wconf 87' lang='lat' dir='ltr'><strong>a</strong></span> <span class='ocrx_word' id='word_1_33' title='bbox 1149 780 1268 807; x_wconf 90' lang='lat' dir='ltr'><strong>versu</strong></span> <span class='ocrx_word' id='word_1_34' title='bbox 1304 767 1358 808; x_wconf 84' lang='lat'><strong>59</strong></span> <span class='ocrx_word' id='word_1_35' title='bbox 1399 768 1654 807; x_wconf 84' lang='lat' dir='ltr'>librariorum</span> <span class='ocrx_word' id='word_1_36' title='bbox 1684 779 1817 807; x_wconf 89' lang='lat' dir='ltr'><strong>errore</strong></span> <span class='ocrx_word' id='word_1_37' title='bbox 1846 767 1926 807; x_wconf 90' lang='lat' dir='ltr'><strong>huc</strong></span> <span class='ocrx_word' id='word_1_38' title='bbox 1953 767 2137 807; x_wconf 88' lang='lat' dir='ltr'><strong>delatum</strong></span> 
     </span>
    </p>
   </div>
   <div class='ocr_carea' id='block_1_4' title="bbox 478 833 1869 953">
    <p class='ocr_par' dir='ltr' id='par_1_4' title="bbox 478 833 1869 953">
     <span class='ocr_line' id='line_1_7' title="bbox 478 833 893 886; baseline -0.002 -12"><span class='ocrx_word' id='word_1_39' title='bbox 478 839 669 886; x_wconf 88' lang='lat' dir='ltr'><strong>apparet.</strong></span> <span class='ocrx_word' id='word_1_40' title='bbox 728 833 893 874; x_wconf 83' lang='lat' dir='ltr'><strong>Malim:</strong></span> 
     </span>
     <span class='ocr_line' id='line_1_8' title="bbox 1005 896 1869 953; baseline 0.001 -17"><span class='ocrx_word' id='word_1_41' title='bbox 1005 897 1232 937; x_wconf 80' lang='lat' dir='ltr'><strong>Continuus</strong></span> <span class='ocrx_word' id='word_1_42' title='bbox 1262 909 1334 948; x_wconf 86' lang='lat' dir='ltr'><strong>per</strong></span> <span class='ocrx_word' id='word_1_43' title='bbox 1363 903 1520 949; x_wconf 85' lang='lat' dir='ltr'><strong>septem</strong></span> <span class='ocrx_word' id='word_1_44' title='bbox 1553 897 1732 937; x_wconf 91' lang='lat' dir='ltr'><strong>culmina</strong></span> <span class='ocrx_word' id='word_1_45' title='bbox 1752 896 1869 953; x_wconf 78' lang='lat' dir='ltr'><strong>ferri</strong></span> 
     </span>
    </p>
   </div>
   <div class='ocr_carea' id='block_1_5' title="bbox 591 975 1729 1099">
    <p class='ocr_par' dir='ltr' id='par_1_5' title="bbox 591 975 1729 1099">
     <span class='ocr_line' id='line_1_9' title="bbox 740 975 1054 1027; baseline -0.003 -12"><span class='ocrx_word' id='word_1_46' title='bbox 740 975 781 1015; x_wconf 95' lang='lat' dir='ltr'><strong>It</strong></span> <span class='ocrx_word' id='word_1_47' title='bbox 811 975 947 1027; x_wconf 86' lang='lat' dir='ltr'><strong>fragor</strong></span> <span class='ocrx_word' id='word_1_48' title='bbox 976 979 1054 1014; x_wconf 86' lang='lat' dir='ltr'><strong>cet.</strong></span> 
     </span>
     <span class='ocr_line' id='line_1_10' title="bbox 591 1049 1729 1099; baseline -0.004 -5"><span class='ocrx_word' id='word_1_49' title='bbox 591 1052 663 1094; x_wconf 90' lang='lat' dir='ltr'><strong>Sic</strong></span> <span class='ocrx_word' id='word_1_50' title='bbox 691 1051 854 1093; x_wconf 79' lang='lat' dir='ltr'><strong>Statius</strong></span> <span class='ocrx_word' id='word_1_51' title='bbox 883 1050 986 1091; x_wconf 80' lang='lat' dir='ltr'><strong>Silv.</strong></span> <span class='ocrx_word' id='word_1_52' title='bbox 1016 1050 1094 1099; x_wconf 88' lang='lat' dir='ltr'><strong>IV,</strong></span> <span class='ocrx_word' id='word_1_53' title='bbox 1123 1050 1201 1097; x_wconf 89' lang='grc' dir='ltr'>ΙΙΙ,</span> <span class='ocrx_word' id='word_1_54' title='bbox 1230 1049 1280 1090; x_wconf 84' lang='grc'><strong>51</strong></span> <span class='ocrx_word' id='word_1_55' title='bbox 1314 1050 1364 1090; x_wconf 89' lang='lat' dir='ltr'><strong>de</strong></span> <span class='ocrx_word' id='word_1_56' title='bbox 1394 1050 1463 1090; x_wconf 91' lang='lat' dir='ltr'><strong>via</strong></span> <span class='ocrx_word' id='word_1_57' title='bbox 1492 1050 1729 1091; x_wconf 85' lang='lat' dir='ltr'><strong>munienda:</strong></span> 
     </span>
    </p>
   </div>
   <div class='ocr_carea' id='block_1_6' title="bbox 997 1127 1847 1179">
    <p class='ocr_par' dir='ltr' id='par_1_6' title="bbox 997 1127 1847 1179">
     <span class='ocr_line' id='line_1_11' title="bbox 997 1127 1847 1179; baseline 0 -12"><span class='ocrx_word' id='word_1_58' title='bbox 997 1127 1052 1167; x_wconf 91' lang='lat' dir='ltr'><strong>Hi</strong></span> <span class='ocrx_word' id='word_1_59' title='bbox 1082 1127 1188 1168; x_wconf 88' lang='lat' dir='ltr'><strong>ferro</strong></span> <span class='ocrx_word' id='word_1_60' title='bbox 1217 1127 1406 1179; x_wconf 89' lang='lat' dir='ltr'><strong>scopulos</strong></span> <span class='ocrx_word' id='word_1_61' title='bbox 1435 1127 1654 1179; x_wconf 89' lang='lat' dir='ltr'><strong>trabesque</strong></span> <span class='ocrx_word' id='word_1_62' title='bbox 1684 1127 1847 1168; x_wconf 81' lang='lat' dir='ltr'><strong>laevant.</strong></span> 
     </span>
    </p>
   </div>
   <div class='ocr_carea' id='block_1_7' title="bbox 588 1193 1818 1311">
    <p class='ocr_par' dir='ltr' id='par_1_7' title="bbox 588 1193 1818 1311">
     <span class='ocr_line' id='line_1_12' title="bbox 588 1193 887 1235; baseline -0.007 0"><span class='ocrx_word' id='word_1_63' title='bbox 588 1209 626 1235; x_wconf 87' lang='lat' dir='ltr'><strong>v.</strong></span> <span class='ocrx_word' id='word_1_64' title='bbox 659 1193 887 1234; x_wconf 88' lang='lat'>100—102.</span> 
     </span>
     <span class='ocr_line' id='line_1_13' title="bbox 998 1258 1818 1311; baseline 0 -12"><span class='ocrx_word' id='word_1_65' title='bbox 998 1258 1183 1311; x_wconf 72' lang='lat' dir='ltr'><strong>Apelleae</strong></span> <span class='ocrx_word' id='word_1_66' title='bbox 1214 1264 1411 1311; x_wconf 89' lang='lat' dir='ltr'><strong>cuperent</strong></span> <span class='ocrx_word' id='word_1_67' title='bbox 1438 1263 1481 1300; x_wconf 90' lang='lat' dir='ltr'><strong>te</strong></span> <span class='ocrx_word' id='word_1_68' title='bbox 1510 1258 1686 1300; x_wconf 89' lang='lat' dir='ltr'><strong>scribere</strong></span> <span class='ocrx_word' id='word_1_69' title='bbox 1717 1270 1818 1299; x_wconf 82' lang='lat' dir='ltr'><strong>cerae</strong></span> 
     </span>
    </p>
   </div>
   <div class='ocr_carea' id='block_1_8' title="bbox 735 1336 1788 1455">
    <p class='ocr_par' dir='ltr' id='par_1_8' title="bbox 735 1336 1788 1455">
     <span class='ocr_line' id='line_1_14' title="bbox 735 1336 1788 1388; baseline -0.001 -11"><span class='ocrx_word' id='word_1_70' title='bbox 735 1337 1016 1388; x_wconf 86' lang='lat' dir='ltr'><strong>Optassetque</strong></span> <span class='ocrx_word' id='word_1_71' title='bbox 1046 1349 1150 1376; x_wconf 84' lang='lat' dir='ltr'><strong>novo</strong></span> <span class='ocrx_word' id='word_1_72' title='bbox 1181 1336 1355 1376; x_wconf 86' lang='lat' dir='ltr'><strong>similem</strong></span> <span class='ocrx_word' id='word_1_73' title='bbox 1386 1342 1427 1376; x_wconf 90' lang='lat' dir='ltr'><strong>te</strong></span> <span class='ocrx_word' id='word_1_74' title='bbox 1457 1349 1605 1388; x_wconf 87' lang='lat' dir='ltr'><strong>ponere</strong></span> <span class='ocrx_word' id='word_1_75' title='bbox 1634 1336 1788 1388; x_wconf 90' lang='lat' dir='ltr'><strong>templo</strong></span> 
     </span>
     <span class='ocr_line' id='line_1_15' title="bbox 737 1412 1358 1455; baseline -0.002 0"><span class='ocrx_word' id='word_1_76' title='bbox 737 1413 905 1455; x_wconf 87' lang='lat' dir='ltr'><strong>Atticus</strong></span> <span class='ocrx_word' id='word_1_77' title='bbox 934 1413 1036 1454; x_wconf 83' lang='lat' dir='ltr'><strong>Elaei</strong></span> <span class='ocrx_word' id='word_1_78' title='bbox 1066 1412 1201 1454; x_wconf 85' lang='lat' dir='ltr'><strong>senior</strong></span> <span class='ocrx_word' id='word_1_79' title='bbox 1228 1412 1358 1454; x_wconf 87' lang='lat' dir='ltr'><strong>Jovis.</strong></span> 
     </span>
    </p>
   </div>
   <div class='ocr_carea' id='block_1_9' title="bbox 467 1501 2138 3171">
    <p class='ocr_par' dir='ltr' id='par_1_9' title="bbox 467 1501 2138 3013">
     <span class='ocr_line' id='line_1_16' title="bbox 586 1501 2133 1556; baseline 0 -11"><span class='ocrx_word' id='word_1_80' title='bbox 586 1503 737 1545; x_wconf 89' lang='lat' dir='ltr'><strong>Verbis</strong></span> <span class='ocrx_word' id='word_1_81' title='bbox 766 1502 931 1544; x_wconf 80' lang='lat' dir='ltr'><strong>Atticus</strong></span> <span class='ocrx_word' id='word_1_82' title='bbox 960 1502 1097 1544; x_wconf 77' lang='lat' dir='ltr'><strong>senior</strong></span> <span class='ocrx_word' id='word_1_83' title='bbox 1124 1501 1301 1543; x_wconf 77' lang='lat' dir='ltr'><strong>Phidian</strong></span> <span class='ocrx_word' id='word_1_84' title='bbox 1331 1514 1475 1555; x_wconf 90' lang='lat' dir='ltr'><strong>parum</strong></span> <span class='ocrx_word' id='word_1_85' title='bbox 1505 1507 1602 1555; x_wconf 83' lang='lat' dir='ltr'><strong>apte</strong></span> <span class='ocrx_word' id='word_1_86' title='bbox 1632 1501 1851 1556; x_wconf 79' lang='lat' dir='ltr'><strong>significari</strong></span> <span class='ocrx_word' id='word_1_87' title='bbox 1881 1515 2020 1545; x_wconf 89' lang='lat' dir='ltr'><strong>omnes</strong></span> <span class='ocrx_word' id='word_1_88' title='bbox 2049 1504 2133 1545; x_wconf 84' lang='lat' dir='ltr'><strong>fere</strong></span> 
     </span>
     <span class='ocr_line' id='line_1_17' title="bbox 474 1568 2133 1624; baseline -0.001 -11"><span class='ocrx_word' id='word_1_89' title='bbox 474 1577 703 1613; x_wconf 89' lang='lat' dir='ltr'><strong>senserunt.</strong></span> <span class='ocrx_word' id='word_1_90' title='bbox 762 1569 947 1611; x_wconf 87' lang='lat' dir='ltr'><strong>Offendit</strong></span> <span class='ocrx_word' id='word_1_91' title='bbox 990 1575 1189 1623; x_wconf 74' lang='lat' dir='ltr'><strong>praeterea</strong></span> <span class='ocrx_word' id='word_1_92' title='bbox 1233 1568 1470 1622; x_wconf 82' lang='lat' dir='ltr'><strong>compositio</strong></span> <span class='ocrx_word' id='word_1_93' title='bbox 1514 1568 1688 1610; x_wconf 83' lang='lat' dir='ltr'><strong>molesta</strong></span> <span class='ocrx_word' id='word_1_94' title='bbox 1723 1574 1848 1624; x_wconf 89' lang='lat' dir='ltr'><strong>atque</strong></span> <span class='ocrx_word' id='word_1_95' title='bbox 1879 1570 2003 1611; x_wconf 87' lang='lat' dir='ltr'><strong>etiam</strong></span> <span class='ocrx_word' id='word_1_96' title='bbox 2032 1571 2133 1612; x_wconf 89' lang='lat' dir='ltr'><strong>sub-</strong></span> 
     </span>
     <span class='ocr_line' id='line_1_18' title="bbox 475 1634 2132 1692; baseline -0.001 -13"><span class='ocrx_word' id='word_1_97' title='bbox 475 1639 681 1692; x_wconf 87' lang='lat' dir='ltr'><strong>ambigua,</strong></span> <span class='ocrx_word' id='word_1_98' title='bbox 726 1650 850 1690; x_wconf 89' lang='lat' dir='ltr'><strong>quum</strong></span> <span class='ocrx_word' id='word_1_99' title='bbox 896 1649 942 1677; x_wconf 90' lang='lat' dir='ltr'><strong>eo</strong></span> <span class='ocrx_word' id='word_1_100' title='bbox 986 1637 1072 1677; x_wconf 92' lang='lat' dir='ltr'><strong>loco</strong></span> <span class='ocrx_word' id='word_1_101' title='bbox 1115 1636 1216 1676; x_wconf 91' lang='lat' dir='ltr'><strong>illud</strong></span> <span class='ocrx_word' id='word_1_102' title='bbox 1254 1634 1363 1676; x_wconf 77' lang='lat' dir='ltr'><em>Elaei</em></span> <span class='ocrx_word' id='word_1_103' title='bbox 1391 1635 1512 1677; x_wconf 79' lang='lat' dir='ltr'><strong>Jovis</strong></span> <span class='ocrx_word' id='word_1_104' title='bbox 1539 1636 1756 1685; x_wconf 87' lang='lat' dir='ltr'><strong>inseratur,</strong></span> <span class='ocrx_word' id='word_1_105' title='bbox 1787 1641 1846 1686; x_wconf 91' lang='lat' dir='ltr'><strong>ut,</strong></span> <span class='ocrx_word' id='word_1_106' title='bbox 1876 1642 2011 1678; x_wconf 89' lang='lat' dir='ltr'><strong>utrum</strong></span> <span class='ocrx_word' id='word_1_107' title='bbox 2041 1650 2132 1678; x_wconf 92' lang='lat' dir='ltr'><strong>cum</strong></span> 
     </span>
     <span class='ocr_line' id='line_1_19' title="bbox 475 1701 2133 1758; baseline -0.001 -13"><span class='ocrx_word' id='word_1_108' title='bbox 475 1703 651 1745; x_wconf 83' lang='lat' dir='ltr'><strong>similem</strong></span> <span class='ocrx_word' id='word_1_109' title='bbox 695 1716 747 1744; x_wconf 90' lang='lat' dir='ltr'><strong>an</strong></span> <span class='ocrx_word' id='word_1_110' title='bbox 792 1701 942 1758; x_wconf 78' lang='lat' dir='ltr'><strong>templo</strong></span> <span class='ocrx_word' id='word_1_111' title='bbox 988 1702 1176 1755; x_wconf 88' lang='lat' dir='ltr'><strong>conjungi</strong></span> <span class='ocrx_word' id='word_1_112' title='bbox 1220 1702 1383 1750; x_wconf 87' lang='lat' dir='ltr'><strong>debeat,</strong></span> <span class='ocrx_word' id='word_1_113' title='bbox 1427 1701 1607 1743; x_wconf 89' lang='lat' dir='ltr'><strong>dubitari</strong></span> <span class='ocrx_word' id='word_1_114' title='bbox 1651 1701 1794 1754; x_wconf 86' lang='lat' dir='ltr'><strong>possit.</strong></span> <span class='ocrx_word' id='word_1_115' title='bbox 1851 1702 2011 1744; x_wconf 88' lang='lat' dir='ltr'><strong>Deinde</strong></span> <span class='ocrx_word' id='word_1_116' title='bbox 2040 1708 2133 1744; x_wconf 87' lang='lat' dir='ltr'><strong>tota</strong></span> 
     </span>
     <span class='ocr_line' id='line_1_20' title="bbox 475 1766 2131 1822; baseline -0.001 -11"><span class='ocrx_word' id='word_1_117' title='bbox 475 1769 705 1811; x_wconf 89' lang='lat' dir='ltr'><strong>sententia:</strong></span> <span class='ocrx_word' id='word_1_118' title='bbox 750 1766 904 1808; x_wconf 76' lang='lat' dir='ltr'><strong>”Tuam</strong></span> <span class='ocrx_word' id='word_1_119' title='bbox 942 1768 1161 1821; x_wconf 80' lang='lat' dir='ltr'><strong>imaginem</strong></span> <span class='ocrx_word' id='word_1_120' title='bbox 1190 1768 1361 1808; x_wconf 83' lang='lat' dir='ltr'><strong>Phidias</strong></span> <span class='ocrx_word' id='word_1_121' title='bbox 1391 1781 1493 1809; x_wconf 91' lang='lat' dir='ltr'><strong>novo</strong></span> <span class='ocrx_word' id='word_1_122' title='bbox 1523 1767 1624 1808; x_wconf 86' lang='lat' dir='ltr'><strong>Elaei</strong></span> <span class='ocrx_word' id='word_1_123' title='bbox 1652 1768 1769 1808; x_wconf 86' lang='lat' dir='ltr'><strong>Jovis</strong></span> <span class='ocrx_word' id='word_1_124' title='bbox 1798 1769 1952 1821; x_wconf 90' lang='lat' dir='ltr'><strong>templo</strong></span> <span class='ocrx_word' id='word_1_125' title='bbox 1981 1782 2131 1822; x_wconf 89' lang='lat' dir='ltr'><strong>ponere</strong></span> 
     </span>
     <span class='ocr_line' id='line_1_21' title="bbox 475 1833 2131 1888; baseline -0.001 -11"><span class='ocrx_word' id='word_1_126' title='bbox 475 1833 706 1877; x_wconf 81' lang='lat' dir='ltr'><strong>voluisset”:</strong></span> <span class='ocrx_word' id='word_1_127' title='bbox 752 1840 794 1876; x_wconf 90' lang='lat' dir='ltr'><strong>et</strong></span> <span class='ocrx_word' id='word_1_128' title='bbox 838 1834 1034 1888; x_wconf 88' lang='lat' dir='ltr'><strong>languida</strong></span> <span class='ocrx_word' id='word_1_129' title='bbox 1077 1839 1119 1874; x_wconf 88' lang='lat' dir='ltr'><strong>et</strong></span> <span class='ocrx_word' id='word_1_130' title='bbox 1162 1833 1319 1887; x_wconf 89' lang='lat' dir='ltr'><strong>longius</strong></span> <span class='ocrx_word' id='word_1_131' title='bbox 1363 1834 1573 1875; x_wconf 87' lang='lat' dir='ltr'><strong>arcessita.</strong></span> <span class='ocrx_word' id='word_1_132' title='bbox 1637 1834 1780 1887; x_wconf 87' lang='lat' dir='ltr'><strong>Neque</strong></span> <span class='ocrx_word' id='word_1_133' title='bbox 1811 1834 1917 1875; x_wconf 90' lang='lat' dir='ltr'><strong>enim</strong></span> <span class='ocrx_word' id='word_1_134' title='bbox 1947 1835 2131 1884; x_wconf 87' lang='lat' dir='ltr'><strong>Phidias,</strong></span> 
     </span>
     <span class='ocr_line' id='line_1_22' title="bbox 477 1901 2133 1957; baseline 0.002 -14"><span class='ocrx_word' id='word_1_135' title='bbox 477 1916 599 1956; x_wconf 93' lang='lat' dir='ltr'><strong>quum</strong></span> <span class='ocrx_word' id='word_1_136' title='bbox 644 1902 843 1954; x_wconf 88' lang='lat' dir='ltr'><strong>templum</strong></span> <span class='ocrx_word' id='word_1_137' title='bbox 888 1901 1088 1955; x_wconf 83' lang='lat' dir='ltr'><strong>Olympiae</strong></span> <span class='ocrx_word' id='word_1_138' title='bbox 1132 1906 1308 1950; x_wconf 91' lang='lat' dir='ltr'><strong>ornaret,</strong></span> <span class='ocrx_word' id='word_1_139' title='bbox 1338 1901 1473 1942; x_wconf 87' lang='lat' dir='ltr'><strong>omnia</strong></span> <span class='ocrx_word' id='word_1_140' title='bbox 1501 1901 1630 1955; x_wconf 88' lang='lat' dir='ltr'><strong>signa,</strong></span> <span class='ocrx_word' id='word_1_141' title='bbox 1661 1914 1749 1956; x_wconf 82' lang='lat' dir='ltr'><strong>quae</strong></span> <span class='ocrx_word' id='word_1_142' title='bbox 1778 1903 1829 1944; x_wconf 96' lang='lat' dir='ltr'><strong>ob</strong></span> <span class='ocrx_word' id='word_1_143' title='bbox 1859 1904 2133 1957; x_wconf 87' lang='lat' dir='ltr'><strong>pulchritudi-</strong></span> 
     </span>
     <span class='ocr_line' id='line_1_23' title="bbox 477 1967 2132 2025; baseline 0.002 -16"><span class='ocrx_word' id='word_1_144' title='bbox 477 1982 569 2009; x_wconf 91' lang='lat' dir='ltr'><strong>nem</strong></span> <span class='ocrx_word' id='word_1_145' title='bbox 614 1974 701 2008; x_wconf 88' lang='lat' dir='ltr'><strong>tam</strong></span> <span class='ocrx_word' id='word_1_146' title='bbox 745 1967 961 2020; x_wconf 85' lang='lat' dir='ltr'><strong>magnifica</strong></span> <span class='ocrx_word' id='word_1_147' title='bbox 1004 1969 1100 2008; x_wconf 92' lang='lat' dir='ltr'><strong>sede</strong></span> <span class='ocrx_word' id='word_1_148' title='bbox 1136 1967 1260 2020; x_wconf 90' lang='lat' dir='ltr'><strong>digna</strong></span> <span class='ocrx_word' id='word_1_149' title='bbox 1288 1967 1416 2008; x_wconf 91' lang='lat' dir='ltr'><strong>videri</strong></span> <span class='ocrx_word' id='word_1_150' title='bbox 1445 1973 1626 2020; x_wconf 86' lang='lat' dir='ltr'><strong>possent,</strong></span> <span class='ocrx_word' id='word_1_151' title='bbox 1655 1970 1727 2010; x_wconf 90' lang='lat' dir='ltr'><strong>sed</strong></span> <span class='ocrx_word' id='word_1_152' title='bbox 1758 1983 1807 2010; x_wconf 93' lang='lat' dir='ltr'><strong>ea</strong></span> <span class='ocrx_word' id='word_1_153' title='bbox 1835 1976 2013 2020; x_wconf 88' lang='lat' dir='ltr'><strong>tantum,</strong></span> <span class='ocrx_word' id='word_1_154' title='bbox 2043 1985 2132 2025; x_wconf 83' lang='lat' dir='ltr'><strong>quae</strong></span> 
     </span>
     <span class='ocr_line' id='line_1_24' title="bbox 477 2033 2132 2087; baseline 0.002 -12"><span class='ocrx_word' id='word_1_155' title='bbox 477 2048 568 2075; x_wconf 90' lang='lat' dir='ltr'><strong>cum</strong></span> <span class='ocrx_word' id='word_1_156' title='bbox 599 2034 712 2075; x_wconf 89' lang='lat' dir='ltr'><strong>cultu</strong></span> <span class='ocrx_word' id='word_1_157' title='bbox 740 2033 930 2085; x_wconf 19' lang='lat' dir='ltr'><strong>Jovisqet</strong></span> <span class='ocrx_word' id='word_1_158' title='bbox 958 2033 1149 2086; x_wconf 87' lang='lat' dir='ltr'><strong>religione</strong></span> <span class='ocrx_word' id='word_1_159' title='bbox 1180 2034 1439 2082; x_wconf 88' lang='lat' dir='ltr'><strong>cohaererent‚</strong></span> <span class='ocrx_word' id='word_1_160' title='bbox 1467 2034 1525 2074; x_wconf 94' lang='lat' dir='ltr'><strong>ibi</strong></span> <span class='ocrx_word' id='word_1_161' title='bbox 1554 2036 1743 2087; x_wconf 87' lang='lat' dir='ltr'><strong>ponenda</strong></span> <span class='ocrx_word' id='word_1_162' title='bbox 1772 2036 1944 2085; x_wconf 84' lang='lat' dir='ltr'><strong>curavit,</strong></span> <span class='ocrx_word' id='word_1_163' title='bbox 1975 2042 2017 2078; x_wconf 90' lang='lat' dir='ltr'><strong>et</strong></span> <span class='ocrx_word' id='word_1_164' title='bbox 2046 2039 2132 2079; x_wconf 86' lang='lat' dir='ltr'><strong>for-</strong></span> 
     </span>
     <span class='ocr_line' id='line_1_25' title="bbox 476 2099 2131 2155; baseline 0.002 -14"><span class='ocrx_word' id='word_1_165' title='bbox 476 2113 553 2141; x_wconf 82' lang='lat' dir='ltr'><strong>mae</strong></span> <span class='ocrx_word' id='word_1_166' title='bbox 595 2099 824 2141; x_wconf 90' lang='lat' dir='ltr'><strong>Domitiani</strong></span> <span class='ocrx_word' id='word_1_167' title='bbox 860 2105 983 2140; x_wconf 89' lang='lat' dir='ltr'><strong>tanta</strong></span> <span class='ocrx_word' id='word_1_168' title='bbox 1010 2099 1052 2139; x_wconf 93' lang='lat' dir='ltr'><strong>in</strong></span> <span class='ocrx_word' id='word_1_169' title='bbox 1082 2099 1159 2140; x_wconf 92' lang='lat' dir='ltr'><strong>hac</strong></span> <span class='ocrx_word' id='word_1_170' title='bbox 1187 2099 1279 2152; x_wconf 88' lang='lat' dir='ltr'><strong>ipsa</strong></span> <span class='ocrx_word' id='word_1_171' title='bbox 1307 2113 1350 2140; x_wconf 88' lang='lat' dir='ltr'><strong>re</strong></span> <span class='ocrx_word' id='word_1_172' title='bbox 1379 2100 1614 2152; x_wconf 88' lang='lat' dir='ltr'><strong>praedicatio</strong></span> <span class='ocrx_word' id='word_1_173' title='bbox 1645 2106 1721 2149; x_wconf 87' lang='lat' dir='ltr'><strong>est,</strong></span> <span class='ocrx_word' id='word_1_174' title='bbox 1751 2103 1859 2155; x_wconf 93' lang='lat' dir='ltr'><strong>quod</strong></span> <span class='ocrx_word' id='word_1_175' title='bbox 1889 2116 1980 2144; x_wconf 88' lang='lat' dir='ltr'><strong>eum</strong></span> <span class='ocrx_word' id='word_1_176' title='bbox 2011 2104 2131 2145; x_wconf 85' lang='lat' dir='ltr'><strong>effin—</strong></span> 
     </span>
     <span class='ocr_line' id='line_1_26' title="bbox 474 2166 2132 2221; baseline 0.002 -14"><span class='ocrx_word' id='word_1_177' title='bbox 474 2180 570 2220; x_wconf 86' lang='lat' dir='ltr'><strong>gere</strong></span> <span class='ocrx_word' id='word_1_178' title='bbox 614 2179 799 2207; x_wconf 87' lang='lat' dir='ltr'><strong>summus</strong></span> <span class='ocrx_word' id='word_1_179' title='bbox 843 2166 996 2206; x_wconf 83' lang='lat' dir='ltr'><strong>artifex</strong></span> <span class='ocrx_word' id='word_1_180' title='bbox 1039 2171 1240 2217; x_wconf 84' lang='lat' dir='ltr'><strong>optasset,</strong></span> <span class='ocrx_word' id='word_1_181' title='bbox 1284 2171 1331 2205; x_wconf 91' lang='lat' dir='ltr'><strong>ut</strong></span> <span class='ocrx_word' id='word_1_182' title='bbox 1373 2179 1455 2218; x_wconf 88' lang='lat' dir='ltr'><strong>prae</strong></span> <span class='ocrx_word' id='word_1_183' title='bbox 1484 2167 1562 2207; x_wconf 87' lang='lat' dir='ltr'><strong>hac</strong></span> <span class='ocrx_word' id='word_1_184' title='bbox 1590 2167 1727 2216; x_wconf 85' lang='lat' dir='ltr'><strong>laude,</strong></span> <span class='ocrx_word' id='word_1_185' title='bbox 1757 2181 1836 2221; x_wconf 91' lang='lat' dir='ltr'><strong>quo</strong></span> <span class='ocrx_word' id='word_1_186' title='bbox 1866 2168 1955 2210; x_wconf 94' lang='lat' dir='ltr'><strong>loco</strong></span> <span class='ocrx_word' id='word_1_187' title='bbox 1985 2169 2132 2211; x_wconf 88' lang='lat' dir='ltr'><strong>deinde</strong></span> 
     </span>
     <span class='ocr_line' id='line_1_27' title="bbox 474 2231 2131 2287; baseline 0.002 -13"><span class='ocrx_word' id='word_1_188' title='bbox 474 2232 695 2287; x_wconf 87' lang='lat' dir='ltr'><strong>imaginem</strong></span> <span class='ocrx_word' id='word_1_189' title='bbox 740 2233 828 2285; x_wconf 88' lang='lat' dir='ltr'><strong>ejus</strong></span> <span class='ocrx_word' id='word_1_190' title='bbox 876 2231 1001 2272; x_wconf 88' lang='lat' dir='ltr'><strong>fuerit</strong></span> <span class='ocrx_word' id='word_1_191' title='bbox 1045 2231 1268 2284; x_wconf 74' lang='lat' dir='ltr'><strong>positurus,</strong></span> <span class='ocrx_word' id='word_1_192' title='bbox 1311 2232 1427 2284; x_wconf 84' lang='lat' dir='ltr'><strong>parvi</strong></span> <span class='ocrx_word' id='word_1_193' title='bbox 1456 2246 1554 2273; x_wconf 87' lang='lat' dir='ltr'><strong>sane</strong></span> <span class='ocrx_word' id='word_1_194' title='bbox 1585 2234 1780 2275; x_wconf 84' lang='lat' dir='ltr'><strong>momenti</strong></span> <span class='ocrx_word' id='word_1_195' title='bbox 1811 2248 1900 2276; x_wconf 85' lang='lat' dir='ltr'><strong>esse</strong></span> <span class='ocrx_word' id='word_1_196' title='bbox 1929 2235 2131 2277; x_wconf 86' lang='lat' dir='ltr'><strong>videatur.</strong></span> 
     </span>
     <span class='ocr_line' id='line_1_28' title="bbox 475 2297 2134 2356; baseline 0.002 -16"><span class='ocrx_word' id='word_1_197' title='bbox 475 2298 653 2340; x_wconf 86' lang='lat' dir='ltr'><strong>Accedit</strong></span> <span class='ocrx_word' id='word_1_198' title='bbox 697 2299 803 2352; x_wconf 91' lang='lat' dir='ltr'><strong>quod</strong></span> <span class='ocrx_word' id='word_1_199' title='bbox 840 2297 882 2338; x_wconf 92' lang='lat' dir='ltr'><strong>in</strong></span> <span class='ocrx_word' id='word_1_200' title='bbox 912 2297 991 2338; x_wconf 90' lang='lat' dir='ltr'><strong>hac</strong></span> <span class='ocrx_word' id='word_1_201' title='bbox 1019 2297 1112 2350; x_wconf 89' lang='lat' dir='ltr'><strong>ipsa</strong></span> <span class='ocrx_word' id='word_1_202' title='bbox 1140 2297 1349 2338; x_wconf 85' lang='lat' dir='ltr'><strong>sententia</strong></span> <span class='ocrx_word' id='word_1_203' title='bbox 1376 2297 1477 2338; x_wconf 92' lang='lat' dir='ltr'><strong>illud</strong></span> <span class='ocrx_word' id='word_1_204' title='bbox 1506 2312 1609 2339; x_wconf 80' lang='lat' dir='ltr'><strong>novo</strong></span> <span class='ocrx_word' id='word_1_205' title='bbox 1638 2299 1924 2342; x_wconf 87' lang='lat' dir='ltr'><strong>molestissime</strong></span> <span class='ocrx_word' id='word_1_206' title='bbox 1954 2301 2134 2356; x_wconf 81' lang='lat' dir='ltr'><strong>frigidis-</strong></span> 
     </span>
     <span class='ocr_line' id='line_1_29' title="bbox 472 2364 2138 2419; baseline 0.002 -13"><span class='ocrx_word' id='word_1_207' title='bbox 472 2366 655 2419; x_wconf 90' lang='lat' dir='ltr'><strong>simeque</strong></span> <span class='ocrx_word' id='word_1_208' title='bbox 699 2365 899 2405; x_wconf 84' lang='lat' dir='ltr'><strong>abundat.</strong></span> <span class='ocrx_word' id='word_1_209' title='bbox 957 2365 1063 2404; x_wconf 89' lang='lat' dir='ltr'><strong>Erat</strong></span> <span class='ocrx_word' id='word_1_210' title='bbox 1104 2364 1293 2404; x_wconf 90' lang='lat' dir='ltr'><strong>nimirum</strong></span> <span class='ocrx_word' id='word_1_211' title='bbox 1336 2364 1437 2404; x_wconf 87' lang='lat' dir='ltr'><strong>illud</strong></span> <span class='ocrx_word' id='word_1_212' title='bbox 1474 2365 1672 2417; x_wconf 90' lang='lat' dir='ltr'><strong>templum</strong></span> <span class='ocrx_word' id='word_1_213' title='bbox 1712 2366 1870 2408; x_wconf 82' lang='lat' dir='ltr'><strong>Phidiae</strong></span> <span class='ocrx_word' id='word_1_214' title='bbox 1909 2373 2035 2409; x_wconf 79' lang='lat' dir='ltr'><strong>aetate</strong></span> <span class='ocrx_word' id='word_1_215' title='bbox 2063 2382 2138 2410; x_wconf 73' lang='lat' dir='ltr'><strong>re·</strong></span> 
     </span>
     <span class='ocr_line' id='line_1_30' title="bbox 473 2429 2132 2487; baseline 0.002 -14"><span class='ocrx_word' id='word_1_216' title='bbox 473 2446 570 2473; x_wconf 91' lang='lat' dir='ltr'><strong>cens</strong></span> <span class='ocrx_word' id='word_1_217' title='bbox 614 2444 664 2473; x_wconf 93' lang='lat' dir='ltr'><strong>ac</strong></span> <span class='ocrx_word' id='word_1_218' title='bbox 707 2443 876 2472; x_wconf 88' lang='lat' dir='ltr'><strong>novum:</strong></span> <span class='ocrx_word' id='word_1_219' title='bbox 920 2431 993 2471; x_wconf 91' lang='lat' dir='ltr'><strong>sed</strong></span> <span class='ocrx_word' id='word_1_220' title='bbox 1032 2429 1128 2484; x_wconf 92' lang='lat' dir='ltr'><strong>quid</strong></span> <span class='ocrx_word' id='word_1_221' title='bbox 1158 2430 1324 2470; x_wconf 85' lang='lat' dir='ltr'><strong>tandem</strong></span> <span class='ocrx_word' id='word_1_222' title='bbox 1354 2430 1578 2471; x_wconf 89' lang='lat' dir='ltr'><strong>novitatem</strong></span> <span class='ocrx_word' id='word_1_223' title='bbox 1609 2431 1696 2484; x_wconf 89' lang='lat' dir='ltr'><strong>ejus</strong></span> <span class='ocrx_word' id='word_1_224' title='bbox 1714 2432 1801 2474; x_wconf 35' lang='lat' dir='ltr'><strong>*hoc</strong></span> <span class='ocrx_word' id='word_1_225' title='bbox 1830 2433 1917 2475; x_wconf 92' lang='lat' dir='ltr'><strong>loco</strong></span> <span class='ocrx_word' id='word_1_226' title='bbox 1946 2447 2132 2487; x_wconf 88' lang='lat' dir='ltr'><strong>premere</strong></span> 
     </span>
     <span class='ocr_line' id='line_1_31' title="bbox 470 2495 2134 2554; baseline 0.001 -15"><span class='ocrx_word' id='word_1_227' title='bbox 470 2498 683 2551; x_wconf 87' lang='lat' dir='ltr'><strong>oportuit?</strong></span> <span class='ocrx_word' id='word_1_228' title='bbox 752 2498 861 2538; x_wconf 92' lang='lat' dir='ltr'><strong>Nam</strong></span> <span class='ocrx_word' id='word_1_229' title='bbox 907 2497 1014 2550; x_wconf 93' lang='lat' dir='ltr'><strong>quod</strong></span> <span class='ocrx_word' id='word_1_230' title='bbox 1059 2495 1291 2537; x_wconf 88' lang='lat' dir='ltr'><strong>Gronovius</strong></span> <span class='ocrx_word' id='word_1_231' title='bbox 1339 2495 1648 2549; x_wconf 85' lang='lat' dir='ltr'><strong>interpretatur,</strong></span> <span class='ocrx_word' id='word_1_232' title='bbox 1692 2498 1770 2539; x_wconf 90' lang='lat' dir='ltr'><strong>nisi</strong></span> <span class='ocrx_word' id='word_1_233' title='bbox 1812 2499 1855 2540; x_wconf 93' lang='lat' dir='ltr'><strong>in</strong></span> <span class='ocrx_word' id='word_1_234' title='bbox 1898 2500 2052 2554; x_wconf 87' lang='lat' dir='ltr'><strong>templo</strong></span> <span class='ocrx_word' id='word_1_235' title='bbox 2090 2505 2134 2542; x_wconf 89' lang='lat' dir='ltr'><strong>et</strong></span> 
     </span>
     <span class='ocr_line' id='line_1_32' title="bbox 470 2562 2131 2619; baseline 0.002 -14"><span class='ocrx_word' id='word_1_236' title='bbox 470 2563 875 2618; x_wconf 86' lang='lat' dir='ltr'><strong>magnificentissimo</strong></span> <span class='ocrx_word' id='word_1_237' title='bbox 920 2568 964 2603; x_wconf 91' lang='lat' dir='ltr'><strong>et</strong></span> <span class='ocrx_word' id='word_1_238' title='bbox 1006 2575 1111 2602; x_wconf 89' lang='lat' dir='ltr'><strong>novo</strong></span> <span class='ocrx_word' id='word_1_239' title='bbox 1148 2567 1277 2602; x_wconf 81' lang='lat' dir='ltr'><strong>tantae</strong></span> <span class='ocrx_word' id='word_1_240' title='bbox 1306 2562 1619 2614; x_wconf 88' lang='lat' dir='ltr'><strong>pulchritudinis</strong></span> <span class='ocrx_word' id='word_1_241' title='bbox 1647 2564 1865 2617; x_wconf 87' lang='lat' dir='ltr'><strong>imaginem</strong></span> <span class='ocrx_word' id='word_1_242' title='bbox 1895 2566 2015 2619; x_wconf 84' lang='lat' dir='ltr'><strong>digne</strong></span> <span class='ocrx_word' id='word_1_243' title='bbox 2046 2567 2131 2608; x_wconf 77' lang='lat' dir='ltr'><strong>col.-</strong></span> 
     </span>
     <span class='ocr_line' id='line_1_33' title="bbox 468 2626 2131 2686; baseline 0.001 -14"><span class='ocrx_word' id='word_1_244' title='bbox 468 2630 594 2672; x_wconf 88' lang='lat' dir='ltr'><strong>locari</strong></span> <span class='ocrx_word' id='word_1_245' title='bbox 624 2643 704 2671; x_wconf 93' lang='lat' dir='ltr'><strong>non</strong></span> <span class='ocrx_word' id='word_1_246' title='bbox 734 2629 939 2683; x_wconf 87' lang='lat' dir='ltr'><strong>potuisse:</strong></span> <span class='ocrx_word' id='word_1_247' title='bbox 985 2640 1134 2669; x_wconf 86' lang='lat' dir='ltr'><strong>novum</strong></span> <span class='ocrx_word' id='word_1_248' title='bbox 1165 2626 1327 2681; x_wconf 86' lang='lat' dir='ltr'><strong>quidem</strong></span> <span class='ocrx_word' id='word_1_249' title='bbox 1357 2627 1553 2680; x_wconf 84' lang='lat' dir='ltr'><strong>templum</strong></span> <span class='ocrx_word' id='word_1_250' title='bbox 1582 2633 1744 2671; x_wconf 91' lang='lat' dir='ltr'><strong>tantum</strong></span> <span class='ocrx_word' id='word_1_251' title='bbox 1774 2631 1895 2673; x_wconf 86' lang='lat' dir='ltr'><strong>abest</strong></span> <span class='ocrx_word' id='word_1_252' title='bbox 1923 2637 1971 2673; x_wconf 92' lang='lat' dir='ltr'><strong>ut</strong></span> <span class='ocrx_word' id='word_1_253' title='bbox 1999 2645 2131 2686; x_wconf 85' lang='lat' dir='ltr'><strong>augu-</strong></span> 
     </span>
     <span class='ocr_line' id='line_1_34' title="bbox 467 2695 2125 2752; baseline 0.002 -15"><span class='ocrx_word' id='word_1_254' title='bbox 467 2697 572 2738; x_wconf 89' lang='lat' dir='ltr'><strong>stius</strong></span> <span class='ocrx_word' id='word_1_255' title='bbox 602 2701 645 2738; x_wconf 90' lang='lat' dir='ltr'><strong>et</strong></span> <span class='ocrx_word' id='word_1_256' title='bbox 673 2695 950 2738; x_wconf 89' lang='lat' dir='ltr'><strong>venerabilius</strong></span> <span class='ocrx_word' id='word_1_257' title='bbox 979 2695 1036 2735; x_wconf 90' lang='lat' dir='ltr'><strong>sit</strong></span> <span class='ocrx_word' id='word_1_258' title='bbox 1065 2706 1188 2748; x_wconf 89' lang='lat' dir='ltr'><strong>quam</strong></span> <span class='ocrx_word' id='word_1_259' title='bbox 1218 2698 1441 2741; x_wconf 89' lang='lat' dir='ltr'><strong>vetustum,</strong></span> <span class='ocrx_word' id='word_1_260' title='bbox 1471 2698 1518 2734; x_wconf 86' lang='lat' dir='ltr'><strong>ut</strong></span> <span class='ocrx_word' id='word_1_261' title='bbox 1547 2700 1688 2736; x_wconf 88' lang='lat' dir='ltr'><strong>contra</strong></span> <span class='ocrx_word' id='word_1_262' title='bbox 1719 2702 1943 2747; x_wconf 87' lang='lat' dir='ltr'><strong>vetustate,</strong></span> <span class='ocrx_word' id='word_1_263' title='bbox 1958 2698 2002 2739; x_wconf 91' lang='lat' dir='ltr'><strong>id</strong></span> <span class='ocrx_word' id='word_1_264' title='bbox 2018 2699 2125 2752; x_wconf 90' lang='lat' dir='ltr'><strong>quod</strong></span> 
     </span>
     <span class='ocr_line' id='line_1_35' title="bbox 470 2759 2130 2819; baseline 0.002 -15"><span class='ocrx_word' id='word_1_265' title='bbox 470 2776 521 2804; x_wconf 83' lang='lat' dir='ltr'><strong>ex</strong></span> <span class='ocrx_word' id='word_1_266' title='bbox 551 2763 692 2804; x_wconf 88' lang='lat' dir='ltr'><strong>multis</strong></span> <span class='ocrx_word' id='word_1_267' title='bbox 722 2763 967 2816; x_wconf 90' lang='lat' dir='ltr'><strong>scriptorum</strong></span> <span class='ocrx_word' id='word_1_268' title='bbox 998 2761 1098 2803; x_wconf 92' lang='lat' dir='ltr'><strong>locis</strong></span> <span class='ocrx_word' id='word_1_269' title='bbox 1127 2759 1386 2813; x_wconf 91' lang='lat' dir='ltr'><strong>perspicitur,</strong></span> <span class='ocrx_word' id='word_1_270' title='bbox 1422 2760 1535 2800; x_wconf 86' lang='lat' dir='ltr'><strong>fama</strong></span> <span class='ocrx_word' id='word_1_271' title='bbox 1562 2762 1705 2814; x_wconf 90' lang='lat' dir='ltr'><strong>templi</strong></span> <span class='ocrx_word' id='word_1_272' title='bbox 1735 2768 1778 2804; x_wconf 88' lang='lat' dir='ltr'><strong>et</strong></span> <span class='ocrx_word' id='word_1_273' title='bbox 1805 2764 1947 2818; x_wconf 88' lang='lat' dir='ltr'><strong>religio</strong></span> <span class='ocrx_word' id='word_1_274' title='bbox 1976 2778 2130 2819; x_wconf 88' lang='lat' dir='ltr'><strong>augea-</strong></span> 
     </span>
     <span class='ocr_line' id='line_1_36' title="bbox 469 2825 2131 2883; baseline 0.002 -14"><span class='ocrx_word' id='word_1_275' title='bbox 469 2834 549 2869; x_wconf 88' lang='lat' dir='ltr'><strong>tur.</strong></span> <span class='ocrx_word' id='word_1_276' title='bbox 607 2829 837 2870; x_wconf 88' lang='lat' dir='ltr'><strong>Videamus</strong></span> <span class='ocrx_word' id='word_1_277' title='bbox 874 2829 978 2881; x_wconf 76' lang='lat' dir='ltr'><strong>Jam,</strong></span> <span class='ocrx_word' id='word_1_278' title='bbox 1023 2841 1076 2869; x_wconf 90' lang='lat' dir='ltr'><strong>an</strong></span> <span class='ocrx_word' id='word_1_279' title='bbox 1120 2826 1190 2867; x_wconf 92' lang='lat' dir='ltr'><strong>illo</strong></span> <span class='ocrx_word' id='word_1_280' title='bbox 1235 2825 1372 2866; x_wconf 73' lang='lat' dir='ltr'><strong>senior</strong></span> <span class='ocrx_word' id='word_1_281' title='bbox 1413 2831 1568 2867; x_wconf 91' lang='lat' dir='ltr'><strong>remoto</strong></span> <span class='ocrx_word' id='word_1_282' title='bbox 1605 2829 1742 2869; x_wconf 83' lang='lat' dir='ltr'><strong>sanari</strong></span> <span class='ocrx_word' id='word_1_283' title='bbox 1771 2830 1883 2871; x_wconf 86' lang='lat' dir='ltr'><strong>locus</strong></span> <span class='ocrx_word' id='word_1_284' title='bbox 1913 2831 2058 2883; x_wconf 90' lang='lat' dir='ltr'><strong>possit,</strong></span> <span class='ocrx_word' id='word_1_285' title='bbox 2088 2837 2131 2872; x_wconf 91' lang='lat' dir='ltr'><strong>et</strong></span> 
     </span>
     <span class='ocr_line' id='line_1_37' title="bbox 470 2890 2133 2950; baseline 0.002 -15"><span class='ocrx_word' id='word_1_286' title='bbox 470 2908 634 2935; x_wconf 90' lang='lat' dir='ltr'><strong>sensum</strong></span> <span class='ocrx_word' id='word_1_287' title='bbox 663 2895 963 2943; x_wconf 90' lang='lat' dir='ltr'><strong>tantummodo,</strong></span> <span class='ocrx_word' id='word_1_288' title='bbox 993 2908 1072 2935; x_wconf 92' lang='lat' dir='ltr'><strong>non</strong></span> <span class='ocrx_word' id='word_1_289' title='bbox 1103 2893 1336 2934; x_wconf 89' lang='lat' dir='ltr'><strong>litterarum</strong></span> <span class='ocrx_word' id='word_1_290' title='bbox 1366 2890 1673 2933; x_wconf 90' lang='lat' dir='ltr'><strong>similitudinem</strong></span> <span class='ocrx_word' id='word_1_291' title='bbox 1688 2900 1920 2948; x_wconf 88' lang='lat' dir='ltr'><strong>sequentes,</strong></span> <span class='ocrx_word' id='word_1_292' title='bbox 1934 2896 1997 2938; x_wconf 90' lang='lat' dir='ltr'><strong>ita</strong></span> <span class='ocrx_word' id='word_1_293' title='bbox 2010 2897 2133 2950; x_wconf 89' lang='lat' dir='ltr'><strong>paul-</strong></span> 
     </span>
     <span class='ocr_line' id='line_1_38' title="bbox 470 2960 827 3013; baseline 0 -13"><span class='ocrx_word' id='word_1_294' title='bbox 470 2960 596 3012; x_wconf 89' lang='lat' dir='ltr'><strong>lisper</strong></span> <span class='ocrx_word' id='word_1_295' title='bbox 624 2960 827 3013; x_wconf 86' lang='lat' dir='ltr'><strong>legamus:</strong></span> 
     </span>
    </p>

    <p class='ocr_par' dir='ltr' id='par_1_10' title="bbox 731 3035 1785 3171">
     <span class='ocr_line' id='line_1_39' title="bbox 731 3035 1785 3091; baseline 0 -13"><span class='ocrx_word' id='word_1_296' title='bbox 731 3037 1011 3091; x_wconf 86' lang='lat' dir='ltr'><strong>Optassetque</strong></span> <span class='ocrx_word' id='word_1_297' title='bbox 1042 3050 1146 3078; x_wconf 92' lang='lat' dir='ltr'><strong>novo</strong></span> <span class='ocrx_word' id='word_1_298' title='bbox 1177 3035 1352 3077; x_wconf 89' lang='lat' dir='ltr'><strong>similem</strong></span> <span class='ocrx_word' id='word_1_299' title='bbox 1382 3039 1424 3075; x_wconf 88' lang='lat' dir='ltr'><strong>te</strong></span> <span class='ocrx_word' id='word_1_300' title='bbox 1454 3047 1603 3087; x_wconf 87' lang='lat' dir='ltr'><strong>ponere</strong></span> <span class='ocrx_word' id='word_1_301' title='bbox 1633 3037 1785 3089; x_wconf 91' lang='lat' dir='ltr'><strong>templo</strong></span> 
     </span>
     <span class='ocr_line' id='line_1_40' title="bbox 732 3112 1405 3171; baseline 0.001 -17"><span class='ocrx_word' id='word_1_302' title='bbox 732 3113 902 3156; x_wconf 87' lang='lat' dir='ltr'><strong>Atticus</strong></span> <span class='ocrx_word' id='word_1_303' title='bbox 929 3115 1032 3156; x_wconf 87' lang='lat' dir='ltr'><strong>Elaei</strong></span> <span class='ocrx_word' id='word_1_304' title='bbox 1061 3113 1246 3171; x_wconf 75' lang='lat' dir='ltr'><strong>sculptor</strong></span> <span class='ocrx_word' id='word_1_305' title='bbox 1272 3112 1405 3155; x_wconf 87' lang='lat' dir='ltr'><strong>Jovis.</strong></span> 
     </span>
    </p>
   </div>
  </div>
 </body>
</html>
