2324 3709
420 359 472 394 30
1057 358 1096 394 C.
1128 359 1165 394 E.
1195 359 1423 395 Sandetrom.

681 473 798 514 Infra
826 474 947 514 urbes
976 473 1228 527 populosque
1258 472 1387 526 premi
1416 471 1685 526 proavitaque
1713 476 1803 513 toto

680 550 797 592 Rura
825 550 976 592 abiisse
1006 550 1121 591 mari.

419 638 466 678 Si
495 651 569 690 pro
599 638 752 679 abiisse
780 635 975 679 ”deusta”
1005 638 1218 679 scribimus
1237 661 1291 668 —
1317 638 1380 678 ed.
1410 638 1576 678 Veneta
1603 637 1737 677 deone
1764 636 1985 689 proebet—
2000 641 2082 677 toto

420 704 532 744 mari
561 709 701 745 autem
744 718 817 758 pro
862 711 947 745 tota
984 718 1059 746 ora
1086 703 1300 744 maritima
1330 703 1484 744 dictum
1514 703 1749 756 accipimus,
1778 701 1879 743 nihil
1902 701 2005 754 iam,
2033 706 2082 742 ut

420 769 520 811 mihi
550 770 726 819 videtur,
755 770 822 812 hic
851 770 964 811 locus
993 769 1165 810 habebit
1193 768 1475 810 difficultatis.

532 858 580 902 C.
609 859 687 908 VI,
714 872 754 900 v.
784 859 824 900 5.

944 924 1087 977 Neque
1117 922 1224 964 enim
1255 921 1433 963 ludibria
1461 920 1618 962 ventris

680 1001 905 1042 Hausimus
935 1006 1008 1041 aut
1037 1000 1181 1052 epulas
1209 998 1371 1040 diverso
1401 1011 1423 1039 e
1452 998 1537 1039 sole
1566 997 1721 1051 petitas

679 1077 871 1131 Vinaque
901 1075 1110 1130 perpetuis
1138 1087 1226 1117 aevo
1256 1073 1463 1117 certantia
1489 1073 1624 1116 fastis.

418 1164 702 1213 Scribendum,
730 1165 893 1217 opinor:

677 1240 867 1295 Vinaque
898 1238 1109 1294 perpetuis
1138 1252 1267 1281 oevum
1297 1237 1489 1282 testantia
1519 1238 1654 1281 fastis.

414 1328 539 1377 Vina,
585 1340 755 1382 quorum
799 1331 965 1368 aetatem
1009 1327 1044 1368 si
1088 1339 1255 1369 noscere
1299 1326 1415 1376 velis,
1444 1326 1654 1381 perpetuis
1682 1326 1804 1369 fastis
1832 1327 1860 1370 i.
1890 1342 1925 1370 e.
1956 1328 2077 1383 longa

414 1394 625 1436 consulum
655 1394 759 1436 serie
788 1394 846 1436 sit
875 1395 1166 1448 computanda,

523 1497 562 1525 v.
592 1482 661 1525 38.

1196 1548 1255 1590 Et
1285 1561 1375 1589 cum
1406 1547 1606 1589 mirabilis
1634 1548 1747 1590 intra

673 1626 771 1667 Stet
800 1639 993 1667 mensura
1020 1625 1181 1678 pedem,
1210 1631 1350 1667 tamen
1381 1626 1612 1666 exclamare
1642 1626 1801 1674 libebit,

673 1701 720 1744 Si
749 1701 862 1745 visus
892 1715 966 1757 per
994 1702 1180 1744 membra
1208 1704 1340 1744 feres:
1370 1699 1467 1744 ”hoc
1496 1707 1663 1756 pectore
1691 1715 1857 1757 pressus
1886 1710 1983 1746 cett.

410 1792 502 1833 Non
547 1804 754 1840 mensura,
784 1792 857 1832 sed
886 1804 951 1832 res
980 1791 1074 1844 ipsa
1103 1791 1303 1832 mirabilis
1333 1796 1437 1840 erat,
1465 1797 1551 1832 tam
1583 1791 1696 1833 brevi
1727 1791 1863 1846 spatio
1893 1797 1978 1833 tam
2010 1791 2076 1835 iu-

410 1858 545 1911 gentia
573 1857 757 1906 habitus,
786 1858 895 1898 tanti
926 1857 1083 1899 roboris
1112 1858 1329 1911 imaginem
1363 1858 1535 1911 exprimi
1550 1858 1745 1910 potuisse.
1784 1858 2074 1911 Corrigendum

410 1923 592 1966 videtur:

1198 1992 1256 2032 Et
1284 1979 1374 2032 cum
1404 2013 1459 2020 -—-
1488 1990 1708 2032 mirabile!
1735 2014 1790 2021 —
1819 1991 1924 2032 citra

934 2067 1032 2109 Stet
1060 2081 1252 2109 mensura
1279 2069 1440 2121 pedem,
1469 2073 1608 2109 tamen
1640 2073 1738 2110 cett.

521 2155 569 2197 G.
600 2154 722 2203 VIII,
751 2167 790 2195 v.
820 2155 888 2196 20.

670 2231 780 2285 Ergo
812 2233 920 2287 quod
950 2233 1146 2275 Ausoniae
1173 2239 1296 2288 pater
1325 2233 1639 2288 augustissimus
1667 2233 1780 2275 urbis

671 2308 749 2349 Jus
779 2309 856 2350 tibi
887 2312 1125 2364 tergeminae
1155 2312 1328 2352 dederat
1356 2310 1534 2352 laetabile
1564 2311 1704 2364 prolis,

671 2385 804 2428 Omen
835 2393 938 2430 erat.
996 2389 1126 2431 Venit
1155 2389 1307 2431 totiens
1336 2389 1494 2430 Lucina
1522 2388 1714 2443 piumque

671 2463 853 2505 Intravit
882 2465 1063 2519 repetita
1091 2466 1232 2508 larem.
1291 2466 1362 2508 Sic
1390 2466 1539 2508 fertilis
1567 2478 1636 2508 oro

671 2540 768 2581 Stet
798 2542 943 2583 domus
974 2548 1018 2583 et
1046 2544 1163 2585 donis
1193 2557 1413 2598 numquam
1443 2548 1608 2585 mutata
1621 2544 1809 2586 sacratis.

413 2627 494 2668 Pro
523 2635 683 2670 mutata
711 2629 863 2672 Markl.
894 2632 1068 2681 nudata,
1099 2638 1147 2673 ut
1176 2638 1344 2674 sacrata
1372 2633 1480 2673 dona
1508 2645 1587 2674 non
1617 2633 1668 2674 de
1691 2633 1784 2687 jure
1814 2634 1938 2676 trium
1966 2635 2072 2677 libe—

415 2706 547 2735 rorum
591 2695 817 2738 Menecrati
862 2698 975 2748 dato,
1020 2700 1091 2741 sed
1136 2700 1186 2741 de
1230 2699 1369 2741 liberis
1405 2698 1507 2753 ipsis
1535 2699 1854 2754 intelligeretur3
1885 2715 1985 2755 quos
2014 2702 2076 2744 ita

416 2765 538 2812 poeta
574 2762 816 2814 appellaret,
859 2766 965 2818 quod
996 2771 1090 2818 post
1118 2766 1220 2807 illud
1245 2766 1313 2819 jus
1343 2767 1485 2807 datum
1515 2771 1727 2820 tamquam
1757 2767 1810 2807 ad
1841 2768 1928 2821 ejus
1957 2781 2074 2811 omen

416 2827 757 2878 comprobandum
801 2831 890 2872 nati
935 2837 1084 2873 essent.
1144 2832 1247 2879 Quae
1289 2833 1395 2873 ratio
1439 2832 1598 2885 longius
1636 2832 1836 2873 arcessita
1865 2838 1907 2874 et
1935 2835 2073 2888 paullo

416 2892 638 2931 contortior
674 2894 847 2936 videtur.
919 2897 1093 2939 Leniore
1138 2898 1383 2948 mutatione,
1428 2898 1649 2947 sententia,
1686 2903 1734 2939 ut
1762 2898 1916 2951 opinor,
1944 2901 2076 2954 magis

416 2962 565 3011 aperta
593 2958 655 2999 ita
682 2960 923 3004 scribemus:

1197 3030 1268 3073 Sic
1296 3030 1446 3072 fertilis
1476 3043 1545 3073 oro

678 3101 774 3143 Stet
802 3104 957 3159 domus,
987 3121 1013 3148 α
1042 3108 1159 3150 donis
1188 3121 1409 3163 numquam
1439 3113 1604 3151 mutata
1632 3107 1819 3154 sacratis,
