2382 3713
493 387 545 428 52
1130 388 1171 430 C.
1201 390 1244 430 Β.
1271 392 1500 432 Sandan-om.

599 502 705 562 Spes
746 505 866 548 avidi
900 506 989 561 Jam
1032 506 1263 549 Gronovius
1301 506 1485 562 conjecit.

598 609 638 638 v.
668 597 764 639 242.
913 643 915 645 ,

752 674 903 716 Mirum
933 688 1036 728 opus
1065 674 1314 715 accelerasse
1344 686 1510 714 manus:
1540 678 1629 714 stat
1656 686 1785 715 saxea
1811 673 1953 722 moles,

754 750 969 805 Templum
997 750 1153 805 ingens,
1184 749 1321 792 cineri.

488 840 539 882 In
568 840 702 894 prima
729 839 937 882 sententia
964 839 1100 881 nullus
1127 838 1237 880 inest
1265 850 1422 879 sensus.
1480 836 1694 891 Suspicor:

751 917 899 958 Mirum
930 929 1032 969 opus
1062 930 1110 957 ac
1139 913 1384 957 celebranda
1412 926 1572 962 manus,
1601 917 1691 955 stat
1718 926 1848 956 saxea
1875 912 2002 955 moles
2031 918 2128 955 cett.

596 1040 636 1067 v.
665 1026 759 1066 340.

745 1102 852 1144 Ecce
882 1107 925 1143 et
951 1101 1154 1143 Iasonidae
1177 1101 1352 1154 juvenes
1380 1113 1487 1142 nova
1515 1100 1646 1156 gloria
1672 1100 1818 1142 matris

745 1179 997 1235 Hypsipyles
1027 1179 1188 1221 subiere
1213 1179 1326 1232 jugo,
1357 1192 1436 1232 quo
1465 1185 1610 1221 vectus
1639 1184 1824 1233 uterque,

746 1256 906 1298 Nomen
935 1269 1013 1298 avo
1043 1255 1195 1310 gentile
1225 1255 1365 1297 Thoas
1394 1261 1519 1310 atque
1547 1256 1680 1298 omine
1710 1255 1844 1298 dictus

740 1333 918 1374 Euneos.

481 1420 551 1461 Ita
593 1420 699 1462 enim
737 1420 1069 1476 distinguendum
1100 1425 1176 1463 est.
1233 1420 1371 1474 Vulgo
1400 1420 1440 1461 in
1470 1433 1569 1462 voce
1597 1426 1766 1476 uterque
1794 1419 2017 1461 consistere
2045 1431 2142 1461 sen-

485 1486 660 1527 tentiam
703 1487 861 1537 volunt‚
891 1492 951 1536 ut,
982 1500 1105 1541 quum
1134 1487 1197 1527 ita
1224 1487 1442 1540 procedere
1471 1486 1603 1527 oratio
1632 1487 1820 1544 deberet:
1852 1482 1935 1526 ”illi
1964 1483 2143 1526 Thoanti

483 1565 644 1602 nomen,
686 1552 781 1595 huic
822 1549 1001 1603 Euneo”,
1043 1553 1218 1606 abrupte
1247 1558 1291 1594 et
1319 1552 1465 1607 frigide
1494 1566 1575 1594 non
1602 1552 1835 1594 hominibus
1863 1551 2041 1601 nomina,
2070 1551 2142 1593 sed

477 1618 709 1661 nominibus
738 1619 849 1674 origo
878 1633 956 1662 sua
983 1632 1034 1661 ac
1063 1632 1188 1661 causa
1215 1619 1425 1661 reddatur.

587 1745 626 1773 v.
656 1730 752 1773 358.

738 1808 849 1851 Orsa
877 1810 999 1851 deum
1027 1832 1083 1840 —
1111 1821 1207 1850 nam
1237 1821 1345 1861 saepe
1373 1808 1520 1850 Jovem
1548 1807 1849 1863 Phlegramque
1878 1807 2022 1862 suique

738 1886 901 1941 Anguis
930 1899 1034 1940 opus
1063 1887 1320 1939 fratrumque
1348 1886 1442 1939 pius
1471 1889 1662 1927 cantarat
1690 1884 1862 1927 honores
1891 1908 1945 1915 —

741 1964 858 2005 Tunc
886 1962 1034 2017 aperit,
1064 1962 1155 2016 quis
1185 1962 1341 2004 fulmen
1371 1967 1483 2017 agat,
1513 1962 1603 2016 quis
1632 1962 1769 2004 sidera
1797 1962 1923 2003 ducat

740 2040 923 2094 Spiritus
952 2045 1050 2081 cett.

477 2150 613 2192 Prave
655 2163 752 2192 orsa
793 2150 820 2191 i.
863 2163 897 2191 e.
942 2149 1127 2191 actiones
1171 2149 1341 2190 deorum
1368 2149 1498 2198 Jovis,
1527 2148 1733 2202 Apollinis
1763 2150 2017 2203 fratrumque
2046 2150 2134 2203 ejus

479 2216 670 2270 operibus
713 2220 987 2270 opponuntur,
1033 2221 1244 2269 tamquam
1289 2214 1494 2256 contraria
1536 2228 1585 2256 ac
1627 2228 1707 2257 non
1745 2215 1787 2256 in
1817 2216 1959 2257 eodem
1987 2229 2133 2270 genere

478 2282 575 2332 sint,
619 2295 751 2336 neque
780 2296 877 2324 orsa
905 2282 1027 2323 deum
1054 2287 1166 2323 recte
1193 2281 1281 2322 haec
1309 2281 1584 2335 appellantur,
1622 2294 1711 2336 quae
1738 2281 1889 2335 Apollo
1920 2282 1971 2324 de
1998 2295 2133 2324 rerum

474 2354 625 2390 natura
669 2349 883 2403 causisque
927 2348 1185 2390 naturalibus
1229 2347 1353 2398 canit,
1382 2347 1425 2389 in
1454 2347 1602 2402 quibus
1631 2349 1798 2392 deorum
1827 2348 1943 2390 nulla
1970 2348 2131 2391 omnino

476 2420 542 2456 est
583 2415 748 2457 mentio.
805 2416 936 2457 Immo
978 2415 1065 2456 haec
1110 2420 1174 2456 est
1211 2414 1380 2468 partitio
1425 2414 1670 2457 carminum:
1700 2420 1827 2457 antea
1854 2416 1952 2457 deos
1980 2415 2132 2470 Apollo

478 2482 770 2532 celebraverat,
799 2488 898 2524 tunc
927 2495 1060 2524 rerum
1090 2486 1261 2523 naturas
1293 2482 1481 2524 canebat.
1544 2481 1829 2532 Scribendum‚
1858 2482 2020 2536 opinor:

732 2559 840 2601 Orsa
867 2560 988 2601 deum
1018 2566 1055 2601 et
1074 2559 1170 2615 jam
1199 2572 1307 2612 saepe
1334 2559 1480 2600 Jovem
1510 2559 1810 2614 Phlegramque
1839 2559 1982 2614 suique

737 2636 898 2691 Anguis
927 2650 1030 2691 opus
1059 2637 1314 2691 fratrumque
1344 2636 1437 2690 pius
1467 2642 1660 2679 cantarat
1686 2637 1880 2680 honores:

731 2714 846 2756 Tunc
875 2714 1010 2768 aperit
1038 2719 1136 2756 cett.

579 2839 617 2866 v.
646 2824 740 2867 495.

725 2904 1023 2958 Anguicomam
1053 2904 1224 2946 monstri
1254 2903 1444 2957 effigiem,
1473 2903 1701 2945 saevissima
1727 2903 1819 2945 visu

730 2978 817 3022 Ora
843 2985 994 3030 movet,
1023 2981 1109 3023 sive
1137 2981 1208 3023 ille
1237 2981 1387 3030 Erebo,
1416 2993 1489 3023 seu
1517 2980 1639 3023 fiuxit
1671 2980 1713 3022 in
1742 2985 1838 3023 astu

730 3057 956 3111 Temporis,
983 3059 1198 3101 innumera
1226 3064 1336 3100 certe
1366 3058 1581 3121 formidine
1610 3058 1766 3101 cultum

729 3134 855 3176 Tollit
883 3135 936 3177 ad
966 3140 1080 3178 astra
1106 3136 1237 3180 nefas.
