2376 3797
472 439 523 475 44
1104 438 1144 477 C.
1176 440 1218 477 E.
1249 438 1475 477 Sandatrom.

471 552 743 594 Scribendum
774 553 935 606 opinor:
1448 590 1462 610 ,

999 620 1071 662 sed
1100 620 1259 662 nullum
1289 620 1387 661 vitae
1416 619 1458 661 in
1487 622 1649 660 secreta
1675 621 1898 672 receptum.

737 698 826 739 Nec
854 703 1029 739 mortem
1059 711 1225 752 sperare
1252 704 1384 740 vacat.
1440 697 1572 738 Rotat
1598 710 1687 738 eece
1714 696 1916 738 furentem

736 776 992 817 Deilochum.
1858 759 1860 761 ι

471 864 650 905 Etiamsi
694 864 818 905 letale
861 863 1008 904 vulnus
1052 864 1292 917 accepisset,
1330 868 1469 904 tamen
1498 861 1687 903 hostibus
1715 863 1888 903 mortem
1918 862 2006 915 ejus
2033 875 2131 917 spe-

472 943 564 971 rare
595 944 674 971 non
702 934 907 970 vacasset.
968 929 1101 972 Tanto
1129 930 1287 983 impetu
1316 929 1436 970 modo
1464 927 1574 969 hunc
1601 927 1721 969 modo
1749 926 1865 968 illum
1893 927 2096 982 rapiebat.

580 1073 673 1113 Lib.
703 1074 780 1121 III,
810 1087 849 1113 v.
882 1072 948 1114 99.

731 1150 794 1190 Tu
823 1155 963 1191 tamen
994 1149 1178 1203 egregius
1208 1149 1286 1191 fati
1316 1149 1546 1204 mentisque
1576 1161 1653 1191 nec
1681 1160 1876 1203 umquam

729 1227 946 1279 Indignum
975 1239 1146 1279 passure
1175 1227 1314 1275 situm,
1344 1227 1414 1281 qui
1444 1226 1669 1268 comminus
1697 1237 1823 1267 ausus

728 1304 894 1344 Vadere
925 1308 1204 1357 contemptum
1232 1304 1340 1358 regis
1370 1309 1468 1345 cett.

466 1391 552 1432 Alii
579 1405 714 1445 reyem
743 1392 927 1432 scribunt
957 1397 999 1433 et
1029 1399 1303 1448 contemptum
1331 1406 1404 1445 pro
1428 1392 1573 1445 supino
1588 1391 1704 1434 verbi
1719 1390 1938 1444 accipiunt.
1969 1389 2129 1438 Quam-

467 1471 590 1512 quam
619 1458 769 1499 vadere
798 1464 1072 1514 contemptum
1103 1459 1199 1513 quin
1229 1459 1358 1500 latine
1388 1459 1468 1500 dici
1497 1471 1577 1500 non
1606 1457 1739 1512 possit
1766 1470 1839 1511 pro
1868 1470 1916 1499 eo
1938 1457 2045 1512 quod
2065 1462 2130 1499 est

467 1531 730 1572 contemnere,
760 1524 830 1564 vix
860 1525 1027 1565 dubium
1059 1530 1135 1566 est.
1195 1524 1314 1572 Quod
1353 1538 1448 1566 vero
1478 1524 1692 1578 proposuit
1718 1523 1953 1578 Madvigius
1980 1523 2130 1564 vadere

467 1591 728 1646 contemptim
772 1592 873 1645 φερέ,
916 1592 959 1631 id
1002 1597 1222 1644 propterea
1257 1592 1391 1633 minus
1420 1592 1675 1645 probandum
1703 1591 1880 1639 videtur,
1910 1590 2018 1644 quod
2047 1590 2127 1631 duo

467 1657 675 1705 adverbia,
705 1661 751 1697 ut
779 1657 845 1698 hic
875 1657 1103 1698 comminus
1132 1663 1174 1699 et
1203 1657 1477 1713 contemptim,
1508 1658 1560 1698 ad
1591 1669 1715 1698 uuum
1746 1656 1937 1711 idemque
1956 1656 2125 1698 verbum

466 1723 601 1763 relata
630 1736 655 1763 a
693 1723 861 1775 poeticae
892 1723 1082 1764 dictionis
1110 1724 1246 1765 indole
1277 1724 1511 1765 abhorrent.
1555 1722 1732 1764 Accedit
1760 1722 1868 1777 quod
1898 1722 2125 1764 comminue

464 1789 626 1838 vadere,
658 1789 692 1829 si
723 1802 799 1829 non
832 1803 1005 1843 semper,
1036 1794 1081 1830 at
1109 1791 1348 1844 plerumque
1377 1790 1418 1831 in
1450 1802 1495 1831 eo
1527 1793 1760 1842 usurpatur,
1791 1788 1859 1843 qui
1888 1789 1929 1829 vi
1959 1794 2002 1830 et
2021 1789 2127 1831 ferro

466 1855 705 1908 adgreditur
734 1856 785 1895 ob
817 1868 989 1909 eamque
1020 1869 1186 1897 causam
1215 1857 1258 1897 in
1286 1856 1458 1898 Maeonis
1488 1857 1602 1897 facto
1631 1855 1766 1897 minus
1781 1854 1943 1909 proprie
1963 1854 2127 1897 dicitur.

465 1922 654 1975 Propono
668 1936 677 1962 ε

1255 1989 1324 2043 qui
1354 1988 1581 2031 comminus
1610 2001 1736 2031 ausus

993 2066 1184 2108 Fundere
1214 2071 1495 2120 contemptum
1525 2065 1646 2120 regis.

463 2155 554 2195 Hoc
599 2155 707 2195 enim
751 2156 884 2207 ipsum
918 2161 1008 2196 erat
1036 2156 1136 2196 illud
1169 2155 1373 2208 egregium
1402 2154 1575 2196 Maeonis
1605 2153 1779 2202 facinus,
1809 2154 1916 2207 quod
1946 2158 2129 2195 contem-

464 2225 580 2274 ptum
611 2221 718 2275 regis
749 2234 884 2263 coram
917 2226 959 2263 et
990 2226 1132 2274 aperte
1161 2234 1346 2275 promere
1376 2233 1501 2262 ausus
1530 2223 1633 2262 erat.

573 2344 611 2370 v.
643 2325 737 2371 ¹706.

726 2408 785 2447 Et
813 2420 922 2448 nunc
950 2412 1092 2446 moesta
1122 2405 1282 2459 quidem
1316 2417 1438 2458 grave
1469 2409 1512 2446 et
1538 2404 1763 2447 inlaetabile
1786 2417 1947 2455 munus,

728 2485 789 2527 Ut
818 2485 986 2526 timeam
1019 2484 1274 2537 doleamne,
1303 2496 1413 2537 rogo.
1471 2482 1554 2525 Sed
1585 2496 1707 2537 quum
1739 2483 1880 2525 oscula
1908 2490 2073 2539 rumpet

724 2543 875 2604 Maest'a
904 2561 1004 2611 dies,
1036 2575 1159 2615 quum
1188 2574 1315 2603 rauca
1343 2561 1503 2602 dabunt
1531 2560 1777 2603 abeuntibus
1805 2561 1930 2604 armis

728 2640 858 2694 Signa.
885 2640 998 2681 tubae
1027 2652 1216 2693 saevoque
1244 2652 1370 2692 genas
1399 2639 1609 2693 fulgebitis
1635 2652 1734 2681 auro

728 2719 809 2758 Hei
832 2718 946 2766 mihi,
978 2730 1071 2758 care
1099 2730 1250 2769 parens
1277 2717 1426 2758 iterum
1455 2718 1631 2758 fortasse
1658 2717 1824 2770 rogabo.

470 2795 549 2834 Pro
592 2795 723 2846 priore
765 2796 836 2836 illo
879 2801 1023 2836 moeeta
1065 2794 1295 2836 necessario
1338 2792 1470 2836 multa
1497 2794 1773 2843 scribendum,
1803 2807 1855 2836 ue
1882 2801 2027 2848 pereat
2053 2797 2129 2843 illa

471 2861 683 2912 oppositio,
714 2875 834 2915 quam
865 2862 1090 2915 posteriore
1118 2866 1261 2901 moeeta
1290 2866 1413 2915 poeta
1442 2860 1643 2916 quaesivit.

581 2969 671 3012 Lib.
701 2971 777 3021 IV,
808 2971 901 3014 158.

728 3050 814 3089 Dat
841 3051 995 3091 Nemee
1026 3049 1196 3090 comites
1227 3055 1269 3090 et
1298 3063 1399 3104 quas
1428 3050 1470 3091 in
1499 3050 1657 3104 proelia
1683 3048 1792 3090 vires

732 3125 860 3170 Sacra
888 3127 1063 3172 Cleonaei
1095 3132 1244 3186 cogunt
1271 3128 1414 3174 vineta
1442 3126 1654 3175 Molorchi,
