2337 3714
446 368 497 402 24
1096 361 1137 397 C.
1168 361 1209 396 E.
1239 359 1465 395 Sandatrom.

446 481 622 521 Mortuae
653 480 777 521 matri
805 480 914 521 infra
942 478 1061 519 vivus
1090 477 1219 516 frater
1247 471 1485 527 opponitur:

1236 551 1294 592 Et
1322 554 1431 589 certe
1460 547 1529 601 qui
1557 546 1662 586 vidit
1690 546 1835 586 funera
1863 543 1992 582 frater

712 632 891 676 Erubuit
918 630 1039 672 vinci.

561 728 600 755 v·
630 714 698 756 52·
715 780 948 819 Nocturnas
977 775 1047 815 alii
1075 773 1283 826 Phrygum
1312 770 1451 811 ruinas

716 857 774 897 Et
800 854 919 894 tarde
946 850 1106 892 reducis
1134 849 1223 889 vias
1252 847 1388 888 Ulixis

715 933 773 974 Et
800 941 977 985 puppem
1008 924 1269 967 temerariam
1298 922 1493 963 Minervae

718 1008 837 1048 Trita
864 1006 1029 1046 vatibus
1058 1002 1194 1043 orbita
1222 1004 1464 1052 sequenturz

717 1086 780 1126 Tu
810 1095 927 1124 carus
956 1080 1079 1121 Latio
1108 1089 1342 1129 memorque
1371 1074 1505 1128 gentis

719 1161 893 1204 Carmen
925 1156 1068 1199 fortior
1096 1167 1238 1196 exeres
1267 1157 1468 1206 togatum.

456 1248 596 1300 ”Alii”‚
627 1250 811 1301 Calliope
840 1245 986 1298 inquit,
1016 1240 1190 1296 ”graecas
1219 1242 1383 1283 fabulas
1412 1239 1674 1280 tractabunt:
1704 1245 1765 1287 tu,
1794 1240 1974 1287 Lucane,
1990 1239 2113 1279 Latio

454 1333 572 1360 carus
616 1318 695 1357 eris
739 1321 781 1355 et
824 1317 1010 1365 togatum
1049 1324 1212 1351 carmen
1257 1308 1401 1349 fortior
1438 1301 1636 1347 exseres.”
1694 1305 1832 1352 Quid?
1887 1307 1979 1347 Non
2011 1305 2113 1346 civi-

454 1386 532 1426 bus
570 1383 654 1424 suis
692 1380 812 1435 grati,
843 1377 967 1419 etiam
999 1377 1067 1430 qui
1095 1376 1137 1417 in
1166 1375 1249 1416 illis
1278 1373 1389 1415 tritis
1419 1371 1670 1425 argumentis
1700 1372 1990 1413 elaborarunt?
2045 1371 2114 1412 An

454 1451 515 1492 illi
560 1449 693 1490 ubivis
737 1446 876 1500 potius
913 1456 1034 1497 quam
1066 1442 1175 1483 domi
1205 1443 1394 1481 faventes
1422 1438 1695 1479 invenerunt?
1749 1439 1843 1479 Non
1873 1439 2115 1486 faventium,

456 1518 529 1558 sed
558 1528 691 1557 rerum
722 1511 941 1554 diversitas
970 1510 1104 1550 notari
1134 1508 1270 1549 debet.
1328 1505 1482 1553 Quidni
1511 1504 1758 1546 scribamus:

982 1587 1047 1628 Tu
1076 1586 1223 1627 condes
1251 1583 1418 1626 Latium
1449 1596 1682 1637 memorque
1711 1583 1845 1637 gentis

984 1666 1160 1709 Carmen
1189 1662 1333 1704 fortior
1362 1674 1504 1703 exeres
1531 1666 1732 1716 togatum.

460 1757 620 1799 Condes
648 1757 825 1799 Latium
853 1757 881 1797 i.
903 1770 937 1797 e.
966 1770 1033 1797 res
1060 1754 1277 1797 Romanae
1306 1750 1540 1793 celebrabis.

570 1846 662 1887 Lib.
691 1845 768 1887 ΙΙΙ.
798 1858 832 1886 c.
862 1854 925 1886 111.

571 1936 611 1964 v.
640 1919 707 1964 76.

725 2000 959 2053 Praecipuos
988 2000 1060 2040 sed
1090 1999 1197 2040 enim
1226 1998 1371 2039 merito
1400 1996 1593 2038 subvexit
1620 1996 1662 2037 in
1692 2002 1809 2037 actus

727 2076 918 2117 Nondum
949 2075 1201 2129 stelligerum
1230 2074 1364 2115 senior
1392 2073 1592 2114 demissus
1621 2073 1663 2113 in
1692 2085 1810 2113 axem

728 2152 925 2195 Claudius
955 2157 997 2193 et
1025 2152 1144 2205 longo
1173 2150 1403 2192 transmisit
1430 2149 1582 2193 habere
1611 2149 1763 2202 nepoti.

733 2227 836 2274 Quis
865 2241 1034 2280 superos
1062 2233 1248 2268 metuens
1278 2226 1434 2280 pariter
1462 2231 1526 2266 tot
1554 2225 1723 2278 templa,
1752 2230 1817 2266 tot
1844 2238 1938 2266 aras

730 2303 1009 2346 Promeruisse
1039 2304 1188 2346 datur?

467 2392 532 2432 De
560 2391 676 2432 vitiis
705 2392 827 2444 hujus
856 2392 934 2432 loci
964 2397 1007 2432 et
1035 2393 1085 2432 de
1116 2391 1357 2431 emendandi
1389 2392 1475 2444 ejus
1504 2390 1663 2432 ratione
1692 2390 1733 2431 in
1764 2389 2004 2443 praefatione
2032 2391 2120 2432 dis-

466 2456 589 2499 serui.
647 2457 781 2499 Venio
805 2458 894 2511 jam
924 2459 974 2498 ad
1006 2456 1276 2511 suspicionem
1313 2456 1435 2499 istam
1467 2457 1761 2511 exponendam,
1790 2469 1911 2511 quam
1942 2457 1992 2497 de
2021 2470 2120 2499 vera

465 2523 671 2576 scriptura
700 2524 851 2565 habere
881 2535 949 2567 me
978 2524 1279 2577 significabam:
1319 2537 1408 2577 quae
1437 2530 1576 2564 tamen
1606 2523 1704 2564 mihi
1734 2522 1816 2576 ipsi
1845 2529 1932 2563 tam
1962 2523 2119 2565 incerta

465 2595 508 2630 et
537 2602 689 2641 anceps
718 2588 895 2638 videtur,
924 2595 971 2630 ut
1000 2590 1308 2630 cunctabundus
1338 2603 1386 2631 ac
1414 2603 1528 2642 paene
1556 2588 1713 2631 invitus
1742 2588 1783 2630 in
1813 2588 1991 2630 medium
2021 2603 2118 2643 pro-

464 2655 607 2695 feram.
664 2654 793 2695 Dedit
822 2661 959 2696 autem
989 2654 1241 2696 occasionem
1272 2655 1359 2707 ejus
1391 2655 1460 2696 ille
1489 2655 1529 2696 in
1561 2654 1766 2708 prooemio
1796 2654 1955 2696 Valerii
1979 2653 2118 2696 Flacci

462 2719 770 2771 Argonauticon
803 2721 926 2769 locus,
957 2721 1026 2761 ubi
1056 2720 1358 2773 Vespasianum
1390 2722 1604 2774 adpellans
1634 2726 1729 2773 post
1758 2726 1928 2761 mortem
1960 2734 2050 2761 eum
2075 2719 2117 2760 in

462 2785 619 2826 coelum
649 2791 857 2839 receptum
888 2785 937 2828 iri
967 2786 1028 2827 ita
1057 2785 1265 2840 praedicit:

723 2862 797 2903 Ille
826 2862 904 2904 tibi
934 2863 1148 2916 cultusque
1178 2864 1296 2904 deum
1328 2864 1579 2918 delubraque
1608 2863 1744 2917 gentis

723 2939 933 2988 Instituet,
964 2953 1085 2993 quum
1110 2941 1197 2993 jam
1228 2940 1389 2994 genitor
1418 2940 1573 2982 lucebis
1603 2941 1656 2981 ab
1686 2940 1796 2981 omni

720 3016 845 3056 Parte
875 3014 979 3070 poli;
1009 3030 1137 3070 neque
1167 3016 1274 3059 enim
1305 3017 1346 3059 in
1377 3017 1524 3073 Tyrias
1554 3018 1768 3073 Cynosura
1798 3017 1958 3060 carinas

720 3093 880 3135 Certior
908 3098 982 3133 aut
1010 3093 1149 3147 Grajis
1178 3094 1321 3137 Helice
1352 3096 1558 3137 servanda
1585 3094 1811 3146 magistris,
