2381 3745
656 361 785 399 Studia
811 360 952 398 Critica
977 361 1018 397 in
1047 332 1241 407 Pupiniam
1269 360 1443 398 Statium.
1854 360 1877 396 ‘1

238 472 373 513 Plana
414 472 492 512 erit
534 476 760 513 structura:
804 472 1050 513 sententiam
1092 474 1190 516 nihil
1220 475 1436 515 admodum
1462 472 1702 526 juver-imus.
1757 473 1880 520 Nam,

237 543 286 577 ut
330 537 518 577 omittam
547 537 801 590 ineleganter
828 538 1012 578 Atticum
1039 538 1146 580 Eloei
1173 540 1294 581 Jovis
1322 539 1570 595 sculptor-em
1598 538 1775 579 Phidian
1803 551 1881 590 ap-

240 602 399 655 pellari,
428 602 560 655 quasi
602 615 712 651 vero,
741 615 829 656 quae
858 604 994 656 patria
1022 605 1108 658 ejus
1137 606 1273 655 fuerit,
1303 601 1535 660 quicquam*
1550 605 1603 646 ad
1637 616 1724 645 rem
1752 603 1882 656 perti-

240 672 338 708 neat
367 673 440 708 aut
468 681 546 708 non
575 668 694 709 homo
722 669 810 721 ipse
840 670 983 710 ceteris
1011 671 1144 712 verbis
1173 672 1276 712 satis
1304 676 1483 719 notetur,
1503 675 1637 711 restat
1649 670 1753 710 illud
1766 683 1881 717 novo,

239 734 346 785 quod
374 734 417 774 in
444 734 523 774 hac
550 734 724 775 lectione
754 735 880 777 etiam
910 735 1112 777 difficilius
1141 738 1348 791 expedias.
1406 736 1515 783 Quid
1544 736 1671 790 igitur
1699 735 1884 788 agimus?

238 798 440 839 Nimirum
471 799 619 839 fefellit
647 800 853 840 sententia
879 800 1134 853 interpretes,
1163 803 1230 856 qui
1260 816 1399 843 omnes
1427 803 1504 842 hoe
1531 806 1696 842 tantum
1720 813 1747 841 a
1760 805 1884 852 poeta

237 863 316 904 dici
360 869 529 916 putant:
574 870 695 905 tanta
736 867 874 906 formae
918 866 1115 919 dignitate
1142 868 1358 920 praeditum
1389 881 1478 908 esse
1509 867 1807 914 Domitianum,
1837 871 1883 905 ut

237 934 421 970 veterum
459 930 659 971 artificum
698 930 970 972 nobilissimus
1008 932 1187 986 quisque,
1216 939 1264 975 ut
1291 934 1475 987 Apelles,
1504 938 1552 974 ut
1579 932 1765 980 PhidiaS,
1795 943 1884 972 cer-

238 996 358 1036 tatim
389 997 477 1048 ejus
505 996 722 1049 imaginem
752 997 905 1037 fuerint
934 1000 1174 1050 expressuri.
1217 1000 1345 1040 Immo
1375 1001 1492 1052 longe
1521 999 1632 1039 aliud
1661 1003 1705 1039 et
1720 997 1882 1050 quidem

235 1062 477 1114 exquisitius
515 1075 541 1102 a
578 1067 702 1115 poeta
731 1067 966 1115 conceptum
994 1063 1166 1105 videtur.
1196 1066 1302 1105 Nam
1332 1065 1433 1106 utin
1450 1065 1514 1113 iis,
1531 1076 1620 1118 quae
1635 1068 1882 1118 sequuntur:

1018 1144 1059 1179 et
1087 1144 1160 1180 tua
1186 1141 1297 1181 mitis

499 1215 585 1255 Ora
612 1215 787 1263 Tarans,
816 1220 891 1255 tua
919 1215 1097 1255 sidereas
1125 1216 1332 1257 imitantia
1358 1218 1545 1258 flammas

496 1290 675 1333 Lumina
703 1296 935 1344 contempto
965 1292 1105 1333 mallet
1131 1292 1296 1335 Rhodos
1325 1306 1471 1346 aspera
1498 1292 1680 1334 Phoebo.

234 1378 297 1420 ita
332 1378 478 1421 laudat
515 1379 687 1421 formam
716 1378 955 1428 Domitiani,
984 1384 1031 1420 ut
1060 1393 1148 1421 eam
1179 1385 1221 1422 et
1247 1380 1412 1422 Herculi
1441 1379 1664 1421 Tarentino
1694 1384 1738 1421 et
1765 1378 1881 1421 Rho-

234 1446 300 1486 dio
343 1445 527 1499 Apollini
572 1451 817 1498 anteponat,
860 1446 922 1486 ita
971 1446 1038 1486 hic
1095 1460 1251 1500 quoque
1301 1460 1379 1487 non
1423 1448 1472 1487 de
1515 1446 1742 1487 artificibus
1788 1459 1879 1487 eum

236 1525 354 1566 agere
385 1513 517 1559 credo,
534 1512 605 1553 sed
635 1512 685 1553 de
715 1512 904 1565 operibus
932 1512 1046 1565 ipsis,
1077 1525 1178 1566 quae,
1209 1526 1451 1567 quamquam
1481 1511 1753 1566 pulcherrima
1783 1512 1880 1560 sint,

236 1584 375 1620 tamen
418 1579 644 1620 Domitiani
688 1579 765 1620 sibi
811 1580 981 1620 formam
1022 1584 1247 1632 praeoptare
1275 1579 1435 1632 poetica
1463 1579 1634 1620 audacia
1661 1579 1881 1632 fingantur.

236 1646 296 1686 Ut
337 1646 462 1698 igitur
503 1647 546 1686 in
588 1645 720 1698 priore
764 1646 942 1686 membro
987 1658 1066 1686 non
1095 1645 1276 1698 Apelles,
1305 1647 1376 1686 sed
1406 1659 1503 1686 cerae
1531 1644 1723 1700 Apelleoe,
1752 1645 1812 1685 sie
1839 1645 1881 1684 in

236 1712 458 1764 posteriore
488 1725 567 1753 non
596 1711 766 1752 Phidias
795 1711 896 1764 ipse,
926 1712 998 1752 sed
1027 1724 1128 1764 opus
1158 1711 1257 1764 ejus,
1285 1710 1386 1752 Elaei
1409 1710 1516 1763 jovis
1531 1711 1703 1763 signum,
1719 1710 1882 1763 subjec-

236 1781 324 1818 tum
353 1778 568 1819 sententiae
597 1782 662 1818 est
689 1777 830 1830 itaque
860 1777 1117 1830 corrigendus
1146 1774 1282 1817 locus:

757 1854 940 1907 Apelleae
970 1858 1165 1907 cuperent
1191 1859 1233 1895 te
1261 1853 1434 1895 scribere
1464 1866 1577 1901 cerae,

496 1933 774 1986 Optassetque
803 1945 907 1973 novo
936 1931 1108 1972 similem
1136 1936 1179 1972 te
1207 1943 1355 1984 ponere
1383 1931 1535 1984 templo

496 2010 674 2052 Auo-tius
700 2009 803 2050 Elaei
832 2009 996 2064 siquam
1022 2009 1051 2049 J
1052 2009 1149 2050 ovis.

345 2098 442 2139 Jam
485 2098 622 2139 omnia
663 2102 773 2139 recte
816 2110 859 2138 se
899 2097 1066 2138 habent.
1122 2096 1297 2137 Auo-tius
1323 2095 1480 2149 signum
1510 2095 1738 2137 adulatorie
1767 2095 1882 2145 dicit,

237 2171 448 2219 tamquam
477 2164 533 2213 id,
570 2165 678 2205 sicut
707 2169 809 2212 erat,
832 2164 1009 2204 nondum
1039 2167 1166 2204 tantae
1195 2162 1401 2215 majestati
1430 2154 1714 2215 responderet;
1734 2175 1882 2202 novum

237 2237 376 2273 autem
420 2231 631 2283 templum,
676 2218 783 2283 q'uod
827 2235 947 2286 vetus
982 2230 1097 2278 illud,
1126 2242 1248 2282 quum
1271 2229 1358 2280 jam
1388 2233 1511 2269 antea
1539 2227 1643 2281 signi
1672 2228 1884 2280 magnitu-

238 2297 324 2339 dini
366 2297 436 2337 vix
474 2296 695 2345 sufficeret,
723 2295 853 2337 multo
883 2296 1015 2337 minus
1044 2299 1208 2336 auctum
1235 2293 1277 2334 id
1307 2298 1349 2334 et
1376 2293 1569 2347 grandius
1598 2294 1754 2334 factum
1786 2306 1885 2335 con·

234 2363 366 2405 tinere
396 2363 613 2417 potuisset.

497 2450 544 2493 C.
572 2451 629 2492 11.

347 2530 386 2558 v·
414 2512 454 2558 7·
498 2569 613 2629 Quas
640 2583 748 2624 inter
776 2583 894 2624 vultu
921 2582 1111 2635 petulans
1138 2579 1282 2632 Elegia
1308 2578 1555 2632 propinquat

499 2658 655 2701 Celsior
683 2659 855 2701 adsueto
885 2658 1080 2713 divasque
1108 2657 1295 2698 hortatur
1323 2660 1366 2696 et
1393 2655 1525 2696 ambit

499 2736 719 2778 Alternum
749 2737 907 2779 fultura
932 2737 1077 2791 pedem
1106 2733 1381 2786 decimamque
1409 2732 1539 2774 videri

499 2813 554 2856 Se
584 2814 698 2868 cupit
725 2819 769 2856 et
796 2815 953 2856 medias
982 2813 1090 2855 fallit
1117 2810 1319 2865 permixta
1346 2822 1516 2851 sorores.

234 2920 362 2961 Recte
405 2921 593 2961 Handius
634 2920 677 2961 in
722 2933 768 2961 eo
797 2920 951 2972 priores
978 2918 1220 2969 interpretes
1249 2914 1522 2967 reprehendit,
1552 2914 1659 2967 quod
1687 2914 1731 2955 in
1759 2916 1885 2956 verbo

228 2984 399 3043 fultura
441 2986 506 3027 vel
543 2986 784 3040 explicando
813 2985 878 3026 vel
907 2982 1136 3036 corrigendo
1165 2981 1297 3034 ipsam
1327 2981 1497 3021 formam
1527 2979 1641 3022 verbi
1672 2980 1790 3034 eique
1818 2981 1885 3021 in-

234 3053 456 3093 haerentem
486 3053 680 3105 temporis
710 3051 1043 3105 significationem
1071 3047 1351 3100 neglexerunt.
1408 3047 1563 3087 Verum
1592 3060 1643 3087 ne
1672 3046 1761 3100 ipse
1793 3047 1885 3100 qui-

234 3119 341 3169 dem,
372 3123 420 3159 ut
447 3131 540 3160 mea
567 3118 702 3172 opinio
740 3119 833 3166 fert,
862 3128 984 3170 quum
1012 3113 1224 3167 vulgatam
1253 3112 1497 3166 scripturam
1527 3117 1682 3162 tuetur,
1712 3113 1884 3154 eundem

335 3201 368 3230 0.
386 3201 421 3231 Β.
437 3201 627 3229 ammom
642 3201 785 3234 Papinius
803 3199 921 3227 Statiu-
1802 3196 1819 3221 2
