2324 3709
630 337 760 374 Studia
786 335 926 372 critica
951 336 993 371 in
1021 334 1218 379 Pupiniam
1245 332 1418 368 Statium.
1813 328 1862 364 31

216 453 306 492 Hoc
349 456 432 491 est:
476 461 698 502 numquam
745 461 772 489 a
795 446 960 488 merati*
979 445 1076 487 doni
1104 443 1370 486 similitudine
1399 443 1542 483 domus
1569 441 1734 482 recedat
1761 453 1869 481 sem-

219 530 385 570 perque,
414 520 515 569 quot
557 515 773 555 liberorum
812 513 882 566 jus
925 526 951 553 a
995 513 1157 554 Caesare
1199 511 1343 552 datum
1381 514 1458 557 est,
1487 513 1552 548 tot
1580 506 1703 547 etiam
1732 507 1870 547 liberis

222 583 395 622 fruatur.

328 682 367 710 v.
396 670 463 711 25.

477 746 617 787 Macte
646 747 752 800 quod
782 752 825 788 et
852 746 988 800 proles
1019 745 1096 787 tibi
1124 745 1274 799 saepius
1303 748 1427 785 aucta
1455 741 1562 783 virili

481 824 642 866 Robore
649 837 662 875 ;
690 837 734 866 se
757 824 900 879 juveni
942 824 1080 866 laetam
1110 823 1185 865 dat
1212 822 1325 876 virgo
1355 819 1537 875 parenti:

481 900 635 956 Aptior
661 901 725 944 his
753 902 899 952 virtus,
928 902 1047 944 citius
1076 900 1194 943 dabit
1220 900 1295 942 illa
1322 904 1507 953 nepotes,

482 977 628 1024 Qualis
657 979 853 1019 maternis
881 979 1039 1019 Helene
1063 979 1151 1031 jam
1181 978 1307 1031 digna
1335 974 1540 1029 palaestris

480 1054 595 1096 Inter
623 1054 852 1110 Amyclaeos
879 1056 1074 1109 reptabat
1102 1055 1279 1097 candida
1306 1055 1469 1095 fratres.

222 1164 447 1217 Vulgatam
477 1164 692 1205 lectionem
722 1165 836 1205 nihili
865 1178 953 1206 esse
983 1167 1099 1206 nemo
1129 1165 1352 1217 negaverit.
1397 1165 1506 1204 Nam
1537 1167 1580 1204 et
1608 1167 1742 1202 totum
1770 1161 1872 1202 illud

221 1230 445 1270 membrum
469 1244 510 1271 se
525 1254 579 1260 —-
589 1232 757 1284 parenti
777 1231 970 1272 infertum
993 1232 1130 1283 potius
1147 1238 1190 1271 et
1203 1232 1404 1271 intrusum
1421 1243 1544 1283 quam
1558 1228 1720 1269 interno
1736 1228 1872 1280 aliquo

222 1294 383 1338 vinculo
413 1308 503 1337 cum
533 1296 853 1349 praecedentibus
874 1297 1131 1351 conjunctum
1147 1296 1321 1347 videtur,
1337 1302 1393 1347 et,
1408 1296 1441 1337 si
1458 1295 1621 1350 singula
1635 1294 1763 1336 verba
1777 1306 1876 1336 con-

221 1362 462 1411 sideramus,
491 1364 587 1416 quid
617 1370 681 1404 est
709 1370 782 1404 aut
810 1365 910 1404 illud
947 1364 1081 1404 laetam
1104 1377 1145 1404 se
1161 1364 1234 1403 dat
1249 1369 1322 1403 aut
1337 1376 1408 1404 cur
1417 1363 1600 1417 parenti,
1617 1362 1724 1414 quod
1739 1372 1871 1413 perse

218 1427 351 1481 ipsum
395 1427 569 1471 otiosum
613 1434 690 1479 est,
733 1429 860 1471 multo
902 1429 1072 1471 otiosius
1111 1429 1277 1471 additur
1297 1425 1472 1485 juveni?
1526 1429 1555 1470 J
1557 1442 1623 1470 am
1654 1433 1702 1468 ut
1730 1440 1871 1468 emen·-

220 1495 344 1534 dandi
380 1494 489 1535 viam
527 1495 838 1547 patefaciamus,
874 1495 1048 1548 primum
1077 1495 1178 1535 illud
1208 1500 1382 1548 apparet
1402 1495 1550 1550 juveni
1578 1499 1621 1535 et
1648 1493 1766 1548 viv-90
1795 1505 1871 1546 op-

216 1559 354 1613 posita
395 1560 503 1602 inter
545 1575 589 1602 se
618 1566 661 1602 et
689 1561 894 1603 contraria
922 1575 1025 1610 esse,
1055 1567 1099 1602 et
1125 1562 1227 1602 illud
1256 1574 1328 1613 pro
1357 1574 1495 1614 puero,
1524 1561 1601 1602 hoc
1630 1574 1702 1613 pro
1732 1559 1870 1612 puella

220 1626 512 1678 accipiendum.
569 1626 741 1675 Deinde,
784 1626 933 1668 omisso
976 1640 1095 1668 versu
1138 1626 1330 1668 vicesimo
1359 1626 1547 1680 septimo,
1576 1626 1644 1681 qui
1674 1624 1870 1667 orationis

220 1698 456 1734 contextum
500 1693 561 1733 ita
603 1694 773 1734 moleste
809 1693 1087 1745 interrumpit,
1117 1699 1163 1734 ut
1191 1706 1282 1734 cum
1311 1693 1556 1734 Marklando
1585 1706 1658 1745 pro
1686 1693 1871 1744 interpo-

220 1759 306 1799 lato
349 1758 492 1812 ejicere
536 1772 615 1800 non
645 1758 842 1808 dubitem,
871 1759 907 1800 si
937 1760 990 1800 ad
1019 1759 1121 1800 illud
1151 1759 1298 1808 simile,
1328 1760 1434 1812 quod
1464 1759 1661 1813 sequitur,
1690 1758 1869 1800 animum

221 1826 531 1874 transferamus,
571 1826 667 1878 quid
698 1831 762 1866 est
790 1838 862 1866 cur
889 1830 1101 1878 tamquam
1131 1826 1328 1866 maternis
1357 1826 1561 1878 palaestris
1590 1825 1755 1877 dignam
1784 1825 1872 1865 He·

221 1892 355 1933 lenam
399 1890 619 1940 describat,
648 1890 727 1932 nisi
763 1896 811 1933 ut
837 1891 1085 1933 Menecratis
1115 1892 1261 1945 puellae
1289 1892 1396 1933 vires
1426 1892 1650 1945 praesertim
1681 1898 1724 1933 et
1751 1892 1875 1933 robur

221 1957 447 2011 significet?
502 1957 693 1998 Efficitur
735 1970 786 1998 ex
825 1957 889 1997 his
917 1957 1025 1998 hanc
1052 1962 1184 2010 poetae
1213 1958 1461 2001 sententiam
1491 1957 1638 1999 fuisse:
1669 1955 1876 2011 'gratulor

219 2022 311 2072 tibi,
351 2024 460 2077 quod
503 2029 545 2064 et
574 2036 625 2063 ex
662 2021 793 2064 tribus
831 2023 971 2064 liberis
999 2025 1079 2064 duo
1108 2038 1255 2072 mares,
1286 2038 1368 2064 una
1396 2024 1549 2064 femina
1577 2030 1643 2065 est
1670 2030 1714 2065 et
1740 2023 1873 2078 ipsam

223 2089 401 2142 puellam
445 2088 560 2142 pueri
604 2101 718 2142 paene
761 2089 894 2131 instar
923 2095 966 2131 et
994 2091 1166 2131 fratrum
1196 2089 1331 2131 robori
1361 2090 1676 2143 comparandam
1707 2087 1874 2132 habes?

222 2155 372 2197 Totum
402 2154 528 2208 igitur
556 2155 688 2196 locum
718 2156 780 2196 ita
809 2155 1140 2196 constituendum
1171 2161 1293 2208 puto:

479 2233 619 2273 Macte
650 2234 770 2286 quod,
800 2240 846 2273 ut
878 2233 1013 2286 proles
1043 2232 1121 2275 tibi
1150 2233 1300 2288 saepius
1329 2240 1453 2276 aucta
1480 2232 1630 2282 virilis,

482 2308 647 2350 Robore
676 2310 737 2351 sie
760 2309 905 2362 juveni
934 2311 1152 2353 contendat
1180 2311 1293 2366 virgo
1315 2317 1503 2368 potente.-

483 2386 630 2433 Qualis
660 2387 860 2428 maternis
889 2389 1047 2429 Helene
1070 2390 1159 2441 jam
1189 2389 1314 2442 digna
1341 2388 1545 2442 palaestris

481 2463 597 2504 Inter
624 2463 856 2519 Amyclaeos
885 2467 1082 2519 reptabat
1109 2465 1285 2508 candida
1314 2467 1474 2507 fratres.

220 2560 313 2604 Lib.
341 2561 397 2612 V,
427 2575 461 2603 c.
490 2562 524 2604 Ι.
554 2577 593 2606 v.
625 2562 689 2606 16.

482 2639 587 2682 Sera
616 2640 781 2696 quidem
812 2647 932 2685 tanto
961 2642 1136 2685 struitur
1164 2641 1366 2685 medicina
1394 2640 1536 2691 dolori,

484 2718 635 2761 Altera
664 2733 785 2774 quum
815 2720 1018 2762 volucrem
1048 2720 1203 2761 Phoebi
1232 2725 1324 2760 rota
1352 2724 1543 2773 torqueat
1572 2733 1745 2771 annum3

484 2796 568 2838 Sed
598 2810 718 2851 quum
749 2797 874 2850 plaga
900 2810 1042 2838 recens
1072 2804 1114 2839 et
1143 2798 1275 2838 adhuc
1304 2796 1345 2837 in
1375 2796 1541 2837 vulnere
1571 2797 1702 2850 primo

484 2873 615 2927 AEgra
643 2875 785 2915 domus
815 2877 960 2926 questu
990 2873 1260 2930 miseramque
1290 2885 1478 2915 accessus
1508 2874 1560 2914 ad
1591 2888 1731 2917 aurem

486 2951 682 3005 Conjugis
711 2950 865 2992 orbati:
897 2956 996 2991 tunc
1024 2952 1120 2990 flere
1150 2956 1192 2991 et
1221 2950 1405 2992 scindere
1435 2956 1573 2992 vestes

482 3028 540 3075 Et
568 3029 743 3071 famulos
772 3029 927 3070 lassare
956 3040 1097 3089 greges
1127 3033 1170 3068 et
1198 3026 1359 3070 vincere
1389 3029 1581 3091 planctus
