<?xml version="1.0" encoding="UTF-8"?>
<!DOCTYPE html PUBLIC "-//W3C//DTD XHTML 1.0 Transitional//EN"
    "http://www.w3.org/TR/xhtml1/DTD/xhtml1-transitional.dtd">
<html xmlns="http://www.w3.org/1999/xhtml" xml:lang="en" lang="en">
 <head>
  <title>
</title>
<meta http-equiv="Content-Type" content="text/html;charset=utf-8" />
  <meta name='ocr-system' content='tesseract 3.04.00' />
  <meta name='ocr-capabilities' content='ocr_page ocr_carea ocr_par ocr_line ocrx_word'/>
</head>
<body>
  <div class='ocr_page' id='page_1' title='image "4770924_0066.png"; bbox 0 0 2404 3781; ppageno 0'>
   <div class='ocr_carea' id='block_1_1' title="bbox 477 400 1501 443">
    <p class='ocr_par' dir='ltr' id='par_1_1' title="bbox 477 400 1501 443">
     <span class='ocr_line' id='line_1_1' title="bbox 477 400 1501 443; baseline 0 -4"><span class='ocrx_word' id='word_1_1' title='bbox 477 400 531 439; x_wconf 74' lang='lat'><strong>48</strong></span> <span class='ocrx_word' id='word_1_2' title='bbox 1130 400 1172 440; x_wconf 81' lang='lat'><strong>0.</strong></span> <span class='ocrx_word' id='word_1_3' title='bbox 1201 401 1244 440; x_wconf 80' lang='grc' dir='ltr'><strong>Ε.</strong></span> <span class='ocrx_word' id='word_1_4' title='bbox 1273 401 1501 443; x_wconf 62' lang='lat' dir='ltr'><strong>suffla.</strong></span> 
     </span>
    </p>
   </div>
   <div class='ocr_carea' id='block_1_2' title="bbox 476 512 2133 755">
    <p class='ocr_par' dir='ltr' id='par_1_2' title="bbox 476 512 2133 755">
     <span class='ocr_line' id='line_1_2' title="bbox 479 512 2133 573; baseline -0.001 -17"><span class='ocrx_word' id='word_1_5' title='bbox 479 512 804 558; x_wconf 83' lang='lat' dir='ltr'><strong>Intolerabiliter</strong></span> <span class='ocrx_word' id='word_1_6' title='bbox 831 513 924 558; x_wconf 62' lang='lat' dir='ltr'><strong>hiat</strong></span> <span class='ocrx_word' id='word_1_7' title='bbox 950 514 1096 565; x_wconf 83' lang='lat' dir='ltr'><strong>oratio,</strong></span> <span class='ocrx_word' id='word_1_8' title='bbox 1124 514 1262 558; x_wconf 72' lang='lat' dir='ltr'><strong>verbis</strong></span> <span class='ocrx_word' id='word_1_9' title='bbox 1289 515 1471 573; x_wconf 58' lang='lat' dir='ltr'><strong>neglecta</strong></span> <span class='ocrx_word' id='word_1_10' title='bbox 1497 539 1553 547; x_wconf 91' lang='lat'><strong>—-</strong></span> <span class='ocrx_word' id='word_1_11' title='bbox 1567 516 1723 558; x_wconf 66' lang='lat' dir='ltr'><strong>amictu</strong></span> <span class='ocrx_word' id='word_1_12' title='bbox 1749 514 1865 563; x_wconf 79' lang='lat' dir='ltr'><strong>nulla</strong></span> <span class='ocrx_word' id='word_1_13' title='bbox 1879 513 2026 568; x_wconf 80' lang='lat' dir='ltr'><strong>copula</strong></span> <span class='ocrx_word' id='word_1_14' title='bbox 2042 526 2133 556; x_wconf 85' lang='lat' dir='ltr'><strong>oum</strong></span> 
     </span>
     <span class='ocr_line' id='line_1_3' title="bbox 476 580 2132 636; baseline 0.001 -15"><span class='ocrx_word' id='word_1_15' title='bbox 476 580 681 635; x_wconf 72' lang='lat' dir='ltr'>prioribus</span> <span class='ocrx_word' id='word_1_16' title='bbox 711 581 918 623; x_wconf 76' lang='lat' dir='ltr'><strong>connexis.</strong></span> <span class='ocrx_word' id='word_1_17' title='bbox 974 581 1218 624; x_wconf 70' lang='lat' dir='ltr'><strong>Necessario</strong></span> <span class='ocrx_word' id='word_1_18' title='bbox 1245 581 1372 636; x_wconf 87' lang='lat' dir='ltr'><strong>igitur</strong></span> <span class='ocrx_word' id='word_1_19' title='bbox 1400 582 1660 628; x_wconf 75' lang='lat' dir='ltr'><strong>admittenda</strong></span> <span class='ocrx_word' id='word_1_20' title='bbox 1686 580 1808 624; x_wconf 77' lang='lat' dir='ltr'><strong>lectio</strong></span> <span class='ocrx_word' id='word_1_21' title='bbox 1831 581 2012 627; x_wconf 81' lang='lat' dir='ltr'><strong>oodioum</strong></span> <span class='ocrx_word' id='word_1_22' title='bbox 2028 593 2132 623; x_wconf 87' lang='lat' dir='ltr'><strong>nou-</strong></span> 
     </span>
     <span class='ocr_line' id='line_1_4' title="bbox 478 644 2132 703; baseline 0.001 -14"><span class='ocrx_word' id='word_1_23' title='bbox 478 646 683 690; x_wconf 88' lang='lat' dir='ltr'><strong>nullorum</strong></span> <span class='ocrx_word' id='word_1_24' title='bbox 726 661 799 690; x_wconf 78' lang='lat' dir='ltr'><strong>neo</strong></span> <span class='ocrx_word' id='word_1_25' title='bbox 840 646 935 690; x_wconf 81' lang='lat' dir='ltr'><strong>loeta</strong></span> <span class='ocrx_word' id='word_1_26' title='bbox 966 661 1015 690; x_wconf 85' lang='lat' dir='ltr'><strong>ae</strong></span> <span class='ocrx_word' id='word_1_27' title='bbox 1052 648 1228 690; x_wconf 73' lang='lat' dir='ltr'><strong>fortasse</strong></span> <span class='ocrx_word' id='word_1_28' title='bbox 1258 648 1382 692; x_wconf 88' lang='lat' dir='ltr'><strong>etiam</strong></span> <span class='ocrx_word' id='word_1_29' title='bbox 1412 661 1485 703; x_wconf 87' lang='lat' dir='ltr'><strong>pro</strong></span> <span class='ocrx_word' id='word_1_30' title='bbox 1514 662 1674 691; x_wconf 78' lang='lat' dir='ltr'><strong>comam</strong></span> <span class='ocrx_word' id='word_1_31' title='bbox 1703 645 1883 690; x_wconf 80' lang='lat' dir='ltr'><strong>”comam</strong></span> <span class='ocrx_word' id='word_1_32' title='bbox 1913 644 2000 690; x_wconf 77' lang='lat' dir='ltr'><strong>est”</strong></span> <span class='ocrx_word' id='word_1_33' title='bbox 2029 646 2132 690; x_wconf 79' lang='lat' dir='ltr'><strong>sori-</strong></span> 
     </span>
     <span class='ocr_line' id='line_1_5' title="bbox 478 714 698 755; baseline 0.005 -1"><span class='ocrx_word' id='word_1_34' title='bbox 478 714 672 755; x_wconf 89' lang='lat' dir='ltr'><strong>bendum.</strong></span> <span class='ocrx_word' id='word_1_35' title='bbox 695 738 698 740; x_wconf 97' lang='lat'>-</span> 
     </span>
    </p>
   </div>
   <div class='ocr_carea' id='block_1_3' title="bbox 590 834 1670 957">
    <p class='ocr_par' dir='ltr' id='par_1_3' title="bbox 590 834 1670 957">
     <span class='ocr_line' id='line_1_6' title="bbox 590 834 1670 957; baseline -0.001 -13"><span class='ocrx_word' id='word_1_36' title='bbox 590 850 629 878; x_wconf 49' lang='lat' dir='ltr'><strong>v·</strong></span> <span class='ocrx_word' id='word_1_37' title='bbox 660 834 753 879; x_wconf 49' lang='lat'><strong>⁷59·</strong></span> <span class='ocrx_word' id='word_1_38' title='bbox 870 904 933 945; x_wconf 87' lang='lat' dir='ltr'><strong>Tu</strong></span> <span class='ocrx_word' id='word_1_39' title='bbox 962 903 1129 957; x_wconf 80' lang='lat' dir='ltr'><strong>refugae</strong></span> <span class='ocrx_word' id='word_1_40' title='bbox 1157 902 1265 944; x_wconf 78' lang='lat' dir='ltr'><strong>vires</strong></span> <span class='ocrx_word' id='word_1_41' title='bbox 1295 907 1338 943; x_wconf 87' lang='lat' dir='ltr'><strong>et</strong></span> <span class='ocrx_word' id='word_1_42' title='bbox 1366 906 1535 956; x_wconf 83' lang='lat' dir='ltr'><strong>pectora</strong></span> <span class='ocrx_word' id='word_1_43' title='bbox 1562 901 1670 944; x_wconf 87' lang='lat' dir='ltr'><strong>bello</strong></span> 
     </span>
    </p>
   </div>
   <div class='ocr_carea' id='block_1_4' title="bbox 471 980 2133 1609">
    <p class='ocr_par' dir='ltr' id='par_1_4' title="bbox 471 980 2133 1521">
     <span class='ocr_line' id='line_1_7' title="bbox 871 980 1277 1033; baseline 0 -12"><span class='ocrx_word' id='word_1_44' title='bbox 871 981 1125 1022; x_wconf 86' lang='lat' dir='ltr'><strong>Exanimata</strong></span> <span class='ocrx_word' id='word_1_45' title='bbox 1151 980 1277 1033; x_wconf 89' lang='lat' dir='ltr'><strong>reple.</strong></span> 
     </span>
     <span class='ocr_line' id='line_1_8' title="bbox 477 1065 2133 1125; baseline -0.001 -14"><span class='ocrx_word' id='word_1_46' title='bbox 477 1070 653 1112; x_wconf 80' lang='lat' dir='ltr'><strong>Defendi</strong></span> <span class='ocrx_word' id='word_1_47' title='bbox 690 1070 866 1111; x_wconf 77' lang='lat' dir='ltr'><strong>fortasse</strong></span> <span class='ocrx_word' id='word_1_48' title='bbox 893 1073 1034 1122; x_wconf 77' lang='lat' dir='ltr'><strong>potest</strong></span> <span class='ocrx_word' id='word_1_49' title='bbox 1060 1068 1233 1122; x_wconf 84' lang='lat' dir='ltr'><strong>vulgata</strong></span> <span class='ocrx_word' id='word_1_50' title='bbox 1260 1067 1466 1121; x_wconf 79' lang='lat' dir='ltr'><strong>scriptura</strong></span> <span class='ocrx_word' id='word_1_51' title='bbox 1492 1067 1558 1110; x_wconf 85' lang='lat' dir='ltr'><strong>vel</strong></span> <span class='ocrx_word' id='word_1_52' title='bbox 1586 1067 1663 1116; x_wconf 85' lang='lat' dir='ltr'><strong>ita,</strong></span> <span class='ocrx_word' id='word_1_53' title='bbox 1691 1071 1739 1109; x_wconf 98' lang='grc' dir='ltr'><strong>ιιι</strong></span> <span class='ocrx_word' id='word_1_54' title='bbox 1767 1065 1871 1110; x_wconf 78' lang='lat' dir='ltr'><strong>bello</strong></span> <span class='ocrx_word' id='word_1_55' title='bbox 1900 1081 1990 1110; x_wconf 85' lang='lat' dir='ltr'><strong>eum</strong></span> <span class='ocrx_word' id='word_1_56' title='bbox 2019 1066 2133 1125; x_wconf 75' lang='lat' dir='ltr'><strong>reple</strong></span> 
     </span>
     <span class='ocr_line' id='line_1_9' title="bbox 478 1133 2130 1189; baseline -0.001 -12"><span class='ocrx_word' id='word_1_57' title='bbox 478 1135 783 1189; x_wconf 77' lang='lat' dir='ltr'><strong>conjungamus,</strong></span> <span class='ocrx_word' id='word_1_58' title='bbox 812 1134 965 1177; x_wconf 86' lang='lat' dir='ltr'><strong>bellum</strong></span> <span class='ocrx_word' id='word_1_59' title='bbox 995 1139 1134 1176; x_wconf 86' lang='lat' dir='ltr'><strong>antem</strong></span> <span class='ocrx_word' id='word_1_60' title='bbox 1163 1146 1237 1188; x_wconf 87' lang='lat' dir='ltr'><strong>pro</strong></span> <span class='ocrx_word' id='word_1_61' title='bbox 1267 1134 1436 1175; x_wconf 85' lang='lat' dir='ltr'><strong>militari</strong></span> <span class='ocrx_word' id='word_1_62' title='bbox 1463 1134 1608 1176; x_wconf 84' lang='lat' dir='ltr'>robore</span> <span class='ocrx_word' id='word_1_63' title='bbox 1635 1134 1702 1175; x_wconf 83' lang='lat' dir='ltr'><strong>vel</strong></span> <span class='ocrx_word' id='word_1_64' title='bbox 1727 1133 1881 1175; x_wconf 68' lang='lat' dir='ltr'><strong>viribus</strong></span> <span class='ocrx_word' id='word_1_65' title='bbox 1905 1134 1959 1176; x_wconf 85' lang='lat' dir='ltr'><strong>ad</strong></span> <span class='ocrx_word' id='word_1_66' title='bbox 1976 1133 2130 1177; x_wconf 82' lang='lat' dir='ltr'><strong>beilum</strong></span> 
     </span>
     <span class='ocr_line' id='line_1_10' title="bbox 474 1199 2131 1254; baseline 0 -12"><span class='ocrx_word' id='word_1_67' title='bbox 474 1201 758 1242; x_wconf 78' lang='lat' dir='ltr'><strong>sustinendum</strong></span> <span class='ocrx_word' id='word_1_68' title='bbox 799 1201 958 1243; x_wconf 79' lang='lat' dir='ltr'><strong>idoneis</strong></span> <span class='ocrx_word' id='word_1_69' title='bbox 987 1202 1142 1242; x_wconf 84' lang='lat' dir='ltr'><strong>dietum</strong></span> <span class='ocrx_word' id='word_1_70' title='bbox 1177 1206 1382 1254; x_wconf 75' lang='lat' dir='ltr'><strong>putemus,</strong></span> <span class='ocrx_word' id='word_1_71' title='bbox 1418 1201 1485 1242; x_wconf 83' lang='lat' dir='ltr'><strong>vel</strong></span> <span class='ocrx_word' id='word_1_72' title='bbox 1514 1200 1587 1249; x_wconf 80' lang='lat' dir='ltr'><strong>sie,</strong></span> <span class='ocrx_word' id='word_1_73' title='bbox 1616 1206 1665 1241; x_wconf 90' lang='lat' dir='ltr'><strong>ut</strong></span> <span class='ocrx_word' id='word_1_74' title='bbox 1692 1199 1796 1243; x_wconf 78' lang='lat' dir='ltr'><strong>bello</strong></span> <span class='ocrx_word' id='word_1_75' title='bbox 1824 1213 1897 1254; x_wconf 90' lang='lat' dir='ltr'><strong>pro</strong></span> <span class='ocrx_word' id='word_1_76' title='bbox 1928 1213 2027 1243; x_wconf 77' lang='lat' dir='ltr'><strong>casu</strong></span> <span class='ocrx_word' id='word_1_77' title='bbox 2055 1201 2131 1242; x_wconf 83' lang='lat' dir='ltr'><strong>da·</strong></span> 
     </span>
     <span class='ocr_line' id='line_1_11' title="bbox 474 1262 2131 1321; baseline 0 -13"><span class='ocrx_word' id='word_1_78' title='bbox 474 1267 559 1309; x_wconf 87' lang='lat' dir='ltr'><strong>tivo</strong></span> <span class='ocrx_word' id='word_1_79' title='bbox 601 1266 843 1316; x_wconf 77' lang='lat' dir='ltr'><strong>habeamus,</strong></span> <span class='ocrx_word' id='word_1_80' title='bbox 886 1272 933 1309; x_wconf 92' lang='lat' dir='ltr'><strong>ut</strong></span> <span class='ocrx_word' id='word_1_81' title='bbox 974 1266 1031 1308; x_wconf 79' lang='lat' dir='ltr'><strong>sit</strong></span> <span class='ocrx_word' id='word_1_82' title='bbox 1073 1263 1151 1308; x_wconf 88' lang='lat' dir='ltr'><strong>”ad</strong></span> <span class='ocrx_word' id='word_1_83' title='bbox 1187 1263 1379 1316; x_wconf 89' lang='lat' dir='ltr'><strong>bellum”‚</strong></span> <span class='ocrx_word' id='word_1_84' title='bbox 1408 1263 1481 1308; x_wconf 85' lang='lat' dir='ltr'><strong>”ut</strong></span> <span class='ocrx_word' id='word_1_85' title='bbox 1506 1266 1660 1308; x_wconf 88' lang='lat' dir='ltr'><strong>bellum</strong></span> <span class='ocrx_word' id='word_1_86' title='bbox 1689 1266 1866 1309; x_wconf 84' lang='lat' dir='ltr'><strong>tolerare</strong></span> <span class='ocrx_word' id='word_1_87' title='bbox 1894 1262 2131 1321; x_wconf 61' lang='lat' dir='ltr'><strong>poseimuffl&#39;.</strong></span> 
     </span>
     <span class='ocr_line' id='line_1_12' title="bbox 471 1332 2129 1387; baseline -0.001 -13"><span class='ocrx_word' id='word_1_88' title='bbox 471 1334 520 1374; x_wconf 92' lang='lat' dir='ltr'><strong>In</strong></span> <span class='ocrx_word' id='word_1_89' title='bbox 550 1338 724 1387; x_wconf 86' lang='lat' dir='ltr'><strong>utraque</strong></span> <span class='ocrx_word' id='word_1_90' title='bbox 752 1333 913 1375; x_wconf 87' lang='lat' dir='ltr'><strong>ratione</strong></span> <span class='ocrx_word' id='word_1_91' title='bbox 941 1333 1113 1375; x_wconf 84' lang='lat' dir='ltr'><strong>offendit</strong></span> <span class='ocrx_word' id='word_1_92' title='bbox 1139 1339 1278 1375; x_wconf 87' lang='lat' dir='ltr'><strong>tamen</strong></span> <span class='ocrx_word' id='word_1_93' title='bbox 1310 1332 1414 1375; x_wconf 84' lang='lat' dir='ltr'><strong>bello</strong></span> <span class='ocrx_word' id='word_1_94' title='bbox 1441 1333 1505 1373; x_wconf 89' lang='lat' dir='ltr'><strong>ita</strong></span> <span class='ocrx_word' id='word_1_95' title='bbox 1533 1332 1790 1382; x_wconf 76' lang='lat' dir='ltr'><strong>collocatum,</strong></span> <span class='ocrx_word' id='word_1_96' title='bbox 1819 1338 1868 1374; x_wconf 85' lang='grc' dir='ltr'><strong>ιιι</strong></span> <span class='ocrx_word' id='word_1_97' title='bbox 1887 1333 2013 1375; x_wconf 82' lang='lat' dir='ltr'><strong>etiam</strong></span> <span class='ocrx_word' id='word_1_98' title='bbox 2028 1347 2129 1374; x_wconf 69' lang='lat' dir='ltr'><strong>exa-</strong></span> 
     </span>
     <span class='ocr_line' id='line_1_13' title="bbox 471 1398 2132 1453; baseline -0.001 -13"><span class='ocrx_word' id='word_1_99' title='bbox 471 1399 632 1440; x_wconf 75' lang='lat' dir='ltr'><strong>nimata</strong></span> <span class='ocrx_word' id='word_1_100' title='bbox 674 1398 778 1441; x_wconf 78' lang='lat' dir='ltr'><strong>bello</strong></span> <span class='ocrx_word' id='word_1_101' title='bbox 819 1403 979 1441; x_wconf 81' lang='lat' dir='ltr'><strong>struere</strong></span> <span class='ocrx_word' id='word_1_102' title='bbox 1021 1399 1168 1453; x_wconf 77' lang='lat' dir='ltr'><strong>possis.</strong></span> <span class='ocrx_word' id='word_1_103' title='bbox 1240 1398 1516 1446; x_wconf 78' lang='lat' dir='ltr'><strong>Quamobrem</strong></span> <span class='ocrx_word' id='word_1_104' title='bbox 1559 1399 1743 1453; x_wconf 85' lang='lat' dir='ltr'><strong>paullum</strong></span> <span class='ocrx_word' id='word_1_105' title='bbox 1780 1399 1913 1449; x_wconf 78' lang='lat' dir='ltr'><strong>abeat,</strong></span> <span class='ocrx_word' id='word_1_106' title='bbox 1943 1399 2040 1453; x_wconf 90' lang='lat' dir='ltr'><strong>quin</strong></span> <span class='ocrx_word' id='word_1_107' title='bbox 2069 1399 2132 1440; x_wconf 84' lang='lat' dir='ltr'><strong>ita</strong></span> 
     </span>
     <span class='ocr_line' id='line_1_14' title="bbox 474 1465 1310 1521; baseline 0 -14"><span class='ocrx_word' id='word_1_108' title='bbox 474 1479 500 1507; x_wconf 95' lang='lat' dir='ltr'><strong>a</strong></span> <span class='ocrx_word' id='word_1_109' title='bbox 528 1465 667 1508; x_wconf 87' lang='lat' dir='ltr'><strong>Statio</strong></span> <span class='ocrx_word' id='word_1_110' title='bbox 695 1465 895 1521; x_wconf 79' lang='lat' dir='ltr'><strong>seriptum</strong></span> <span class='ocrx_word' id='word_1_111' title='bbox 925 1479 1015 1508; x_wconf 78' lang='lat' dir='ltr'><strong>esee</strong></span> <span class='ocrx_word' id='word_1_112' title='bbox 1043 1466 1310 1508; x_wconf 82' lang='lat' dir='ltr'><strong>contendam:</strong></span> 
     </span>
    </p>

    <p class='ocr_par' dir='ltr' id='par_1_5' title="bbox 867 1554 1670 1609">
     <span class='ocr_line' id='line_1_15' title="bbox 867 1554 1670 1609; baseline 0 -13"><span class='ocrx_word' id='word_1_113' title='bbox 867 1556 931 1596; x_wconf 83' lang='lat' dir='ltr'><strong>Tu</strong></span> <span class='ocrx_word' id='word_1_114' title='bbox 959 1555 1126 1609; x_wconf 79' lang='lat' dir='ltr'><strong>refugas</strong></span> <span class='ocrx_word' id='word_1_115' title='bbox 1154 1555 1262 1596; x_wconf 80' lang='lat' dir='ltr'><strong>vires</strong></span> <span class='ocrx_word' id='word_1_116' title='bbox 1292 1560 1336 1596; x_wconf 92' lang='lat' dir='ltr'><strong>et</strong></span> <span class='ocrx_word' id='word_1_117' title='bbox 1363 1559 1535 1608; x_wconf 78' lang='lat' dir='ltr'><strong>pectora</strong></span> <span class='ocrx_word' id='word_1_118' title='bbox 1562 1554 1670 1597; x_wconf 89' lang='lat' dir='ltr'><strong>bello</strong></span> 
     </span>
    </p>
   </div>
   <div class='ocr_carea' id='block_1_5' title="bbox 866 1631 1313 1685">
    <p class='ocr_par' dir='ltr' id='par_1_6' title="bbox 866 1631 1313 1685">
     <span class='ocr_line' id='line_1_16' title="bbox 866 1631 1313 1685; baseline 0 -12"><span class='ocrx_word' id='word_1_119' title='bbox 866 1631 1170 1674; x_wconf 59' lang='lat' dir='ltr'><strong>Emanimanda</strong></span> <span class='ocrx_word' id='word_1_120' title='bbox 1189 1631 1313 1685; x_wconf 81' lang='lat' dir='ltr'>reple.</span> 
     </span>
    </p>
   </div>
   <div class='ocr_carea' id='block_1_6' title="bbox 469 1739 2130 1851">
    <p class='ocr_par' dir='ltr' id='par_1_7' title="bbox 469 1739 2130 1851">
     <span class='ocr_line' id='line_1_17' title="bbox 469 1739 2130 1828; baseline 0.002 -46"><span class='ocrx_word' id='word_1_121' title='bbox 469 1743 502 1782; x_wconf 92' lang='grc' dir='ltr'><strong>Ι.</strong></span> <span class='ocrx_word' id='word_1_122' title='bbox 547 1756 583 1783; x_wconf 92' lang='lat' dir='ltr'><strong>e.</strong></span> <span class='ocrx_word' id='word_1_123' title='bbox 628 1739 767 1828; x_wconf 49' lang='lat' dir='ltr'><strong>&#39;Lrefiee</strong></span> <span class='ocrx_word' id='word_1_124' title='bbox 809 1748 992 1797; x_wconf 78' lang='lat' dir='ltr'><strong>pectora,</strong></span> <span class='ocrx_word' id='word_1_125' title='bbox 1036 1758 1125 1798; x_wconf 82' lang='lat' dir='ltr'><strong>quae</strong></span> <span class='ocrx_word' id='word_1_126' title='bbox 1167 1745 1290 1793; x_wconf 90' lang='lat' dir='ltr'><strong>bello,</strong></span> <span class='ocrx_word' id='word_1_127' title='bbox 1333 1757 1414 1786; x_wconf 91' lang='lat' dir='ltr'><strong>non</strong></span> <span class='ocrx_word' id='word_1_128' title='bbox 1449 1744 1529 1785; x_wconf 86' lang='lat' dir='ltr'><strong>hac</strong></span> <span class='ocrx_word' id='word_1_129' title='bbox 1563 1743 1715 1797; x_wconf 84' lang='lat' dir='ltr'><strong>ignava</strong></span> <span class='ocrx_word' id='word_1_130' title='bbox 1742 1748 1874 1785; x_wconf 88' lang='lat' dir='ltr'><strong>morte</strong></span> <span class='ocrx_word' id='word_1_131' title='bbox 1903 1743 2130 1786; x_wconf 85' lang='lat' dir='ltr'><strong>exanimari</strong></span> 
     </span>
     <span class='ocr_line' id='line_1_18' title="bbox 469 1808 634 1851; baseline 0 -1"><span class='ocrx_word' id='word_1_132' title='bbox 469 1808 634 1851; x_wconf 88' lang='lat' dir='ltr'><strong>debent.</strong></span> 
     </span>
    </p>
   </div>
   <div class='ocr_carea' id='block_1_7' title="bbox 540 1919 744 1986">
    <p class='ocr_par' dir='ltr' id='par_1_8' title="bbox 540 1919 744 1986">
     <span class='ocr_line' id='line_1_19' title="bbox 540 1919 744 1986; baseline 0.01 -25"><span class='ocrx_word' id='word_1_133' title='bbox 540 1981 545 1986; x_wconf 27' lang='lat'>¹</span> <span class='ocrx_word' id='word_1_134' title='bbox 579 1933 619 1962; x_wconf 82' lang='grc' dir='ltr'><strong>ν.</strong></span> <span class='ocrx_word' id='word_1_135' title='bbox 648 1919 744 1963; x_wconf 85' lang='lat'>841.</span> 
     </span>
    </p>
   </div>
   <div class='ocr_carea' id='block_1_8' title="bbox 469 2001 2129 2363">
    <p class='ocr_par' dir='ltr' id='par_1_9' title="bbox 469 2001 2129 2363">
     <span class='ocr_line' id='line_1_20' title="bbox 864 2001 1641 2055; baseline 0.001 -14"><span class='ocrx_word' id='word_1_136' title='bbox 864 2001 929 2041; x_wconf 87' lang='lat' dir='ltr'><strong>Tu</strong></span> <span class='ocrx_word' id='word_1_137' title='bbox 957 2014 1060 2054; x_wconf 84' lang='lat' dir='ltr'><strong>pace</strong></span> <span class='ocrx_word' id='word_1_138' title='bbox 1088 2001 1202 2051; x_wconf 88' lang='lat' dir='ltr'><strong>mihi‚·</strong></span> <span class='ocrx_word' id='word_1_139' title='bbox 1229 2006 1277 2043; x_wconf 88' lang='grc' dir='ltr'><strong>ιιι</strong></span> <span class='ocrx_word' id='word_1_140' title='bbox 1306 2002 1414 2043; x_wconf 89' lang='lat' dir='ltr'><strong>nube</strong></span> <span class='ocrx_word' id='word_1_141' title='bbox 1442 2002 1519 2042; x_wconf 83' lang='lat' dir='ltr'><strong>sub</strong></span> <span class='ocrx_word' id='word_1_142' title='bbox 1546 2001 1641 2055; x_wconf 86' lang='lat' dir='ltr'><strong>ipsa</strong></span> 
     </span>
     <span class='ocr_line' id='line_1_21' title="bbox 733 2077 1839 2131; baseline 0.001 -14"><span class='ocrx_word' id='word_1_143' title='bbox 733 2077 953 2118; x_wconf 87' lang='lat' dir='ltr'><strong>Armorum</strong></span> <span class='ocrx_word' id='word_1_144' title='bbox 984 2079 1195 2131; x_wconf 76' lang='lat' dir='ltr'><strong>festasque</strong></span> <span class='ocrx_word' id='word_1_145' title='bbox 1224 2091 1346 2131; x_wconf 81' lang='lat' dir='ltr'><strong>super</strong></span> <span class='ocrx_word' id='word_1_146' title='bbox 1375 2077 1633 2119; x_wconf 78' lang='lat' dir='ltr'>celebrabere</span> <span class='ocrx_word' id='word_1_147' title='bbox 1661 2090 1839 2128; x_wconf 75' lang='lat' dir='ltr'><strong>mensaa3</strong></span> 
     </span>
     <span class='ocr_line' id='line_1_22' title="bbox 695 2154 1708 2208; baseline 0.001 -14"><span class='ocrx_word' id='word_1_148' title='bbox 695 2174 698 2177; x_wconf 46' lang='lat'><em>⁴</em></span> <span class='ocrx_word' id='word_1_149' title='bbox 729 2154 799 2194; x_wconf 91' lang='lat' dir='ltr'><strong>Ab</strong></span> <span class='ocrx_word' id='word_1_150' title='bbox 827 2155 932 2196; x_wconf 88' lang='lat' dir='ltr'><strong>Jove</strong></span> <span class='ocrx_word' id='word_1_151' title='bbox 961 2156 1116 2208; x_wconf 89' lang='lat' dir='ltr'><strong>primus</strong></span> <span class='ocrx_word' id='word_1_152' title='bbox 1145 2157 1285 2204; x_wconf 81' lang='lat' dir='ltr'><strong>honos,</strong></span> <span class='ocrx_word' id='word_1_153' title='bbox 1315 2156 1433 2197; x_wconf 81' lang='lat' dir='ltr'><strong>bellis</strong></span> <span class='ocrx_word' id='word_1_154' title='bbox 1461 2156 1580 2196; x_wconf 89' lang='lat' dir='ltr'><strong>modo</strong></span> <span class='ocrx_word' id='word_1_155' title='bbox 1610 2160 1708 2196; x_wconf 82' lang='lat' dir='ltr'><strong>cett.</strong></span> 
     </span>
     <span class='ocr_line' id='line_1_23' title="bbox 469 2242 2129 2299; baseline 0.002 -16"><span class='ocrx_word' id='word_1_156' title='bbox 469 2242 622 2284; x_wconf 89' lang='lat' dir='ltr'><strong>Parum</strong></span> <span class='ocrx_word' id='word_1_157' title='bbox 652 2248 764 2285; x_wconf 87' lang='lat' dir='ltr'><strong>recte</strong></span> <span class='ocrx_word' id='word_1_158' title='bbox 792 2243 834 2285; x_wconf 90' lang='lat' dir='ltr'><strong>in</strong></span> <span class='ocrx_word' id='word_1_159' title='bbox 865 2248 1048 2285; x_wconf 89' lang='lat' dir='ltr'><strong>extremo</strong></span> <span class='ocrx_word' id='word_1_160' title='bbox 1078 2256 1198 2285; x_wconf 84' lang='lat' dir='ltr'><strong>versu</strong></span> <span class='ocrx_word' id='word_1_161' title='bbox 1233 2243 1312 2285; x_wconf 76' lang='lat' dir='ltr'><strong>tibi</strong></span> <span class='ocrx_word' id='word_1_162' title='bbox 1338 2256 1557 2297; x_wconf 88' lang='lat' dir='ltr'><strong>pronomen</strong></span> <span class='ocrx_word' id='word_1_163' title='bbox 1587 2242 1654 2285; x_wconf 84' lang='lat' dir='ltr'><strong>vel</strong></span> <span class='ocrx_word' id='word_1_164' title='bbox 1683 2248 1778 2284; x_wconf 75' lang='lat' dir='ltr'><strong>tuus</strong></span> <span class='ocrx_word' id='word_1_165' title='bbox 1792 2242 2010 2293; x_wconf 86' lang='lat' dir='ltr'><strong>omittitur,</strong></span> <span class='ocrx_word' id='word_1_166' title='bbox 2025 2257 2129 2299; x_wconf 89' lang='lat' dir='ltr'><strong>quo-</strong></span> 
     </span>
     <span class='ocr_line' id='line_1_24' title="bbox 472 2309 2126 2363; baseline 0.001 -13"><span class='ocrx_word' id='word_1_167' title='bbox 472 2309 582 2351; x_wconf 89' lang='lat' dir='ltr'><strong>niam</strong></span> <span class='ocrx_word' id='word_1_168' title='bbox 626 2310 668 2350; x_wconf 89' lang='lat' dir='ltr'><strong>in</strong></span> <span class='ocrx_word' id='word_1_169' title='bbox 698 2310 948 2363; x_wconf 88' lang='lat' dir='ltr'><strong>pronomine,</strong></span> <span class='ocrx_word' id='word_1_170' title='bbox 979 2315 1026 2351; x_wconf 90' lang='grc' dir='ltr'><strong>ιιι</strong></span> <span class='ocrx_word' id='word_1_171' title='bbox 1054 2311 1173 2351; x_wconf 89' lang='lat' dir='ltr'><strong>modo</strong></span> <span class='ocrx_word' id='word_1_172' title='bbox 1204 2317 1247 2351; x_wconf 79' lang='lat' dir='ltr'><strong>tu</strong></span> <span class='ocrx_word' id='word_1_173' title='bbox 1278 2310 1340 2351; x_wconf 79' lang='lat' dir='ltr'><strong>bis</strong></span> <span class='ocrx_word' id='word_1_174' title='bbox 1369 2310 1589 2362; x_wconf 88' lang='lat' dir='ltr'><strong>repetitum</strong></span> <span class='ocrx_word' id='word_1_175' title='bbox 1619 2309 1824 2358; x_wconf 78' lang='lat' dir='ltr'><strong>ostendit,</strong></span> <span class='ocrx_word' id='word_1_176' title='bbox 1851 2310 1919 2351; x_wconf 84' lang='lat' dir='ltr'><strong>vel</strong></span> <span class='ocrx_word' id='word_1_177' title='bbox 1948 2311 2126 2352; x_wconf 85' lang='lat' dir='ltr'><strong>maxime</strong></span> 
     </span>
    </p>
   </div>
   <div class='ocr_carea' id='block_1_9' title="bbox 466 2373 2125 2497">
    <p class='ocr_par' dir='ltr' id='par_1_10' title="bbox 466 2373 2125 2497">
     <span class='ocr_line' id='line_1_25' title="bbox 468 2373 2125 2429; baseline 0.001 -11"><span class='ocrx_word' id='word_1_178' title='bbox 468 2378 616 2419; x_wconf 89' lang='lat' dir='ltr'><strong>nititur</strong></span> <span class='ocrx_word' id='word_1_179' title='bbox 643 2377 865 2418; x_wconf 82' lang='lat' dir='ltr'><strong>sententia.</strong></span> <span class='ocrx_word' id='word_1_180' title='bbox 923 2377 1110 2417; x_wconf 87' lang='lat' dir='ltr'><strong>Tolletur</strong></span> <span class='ocrx_word' id='word_1_181' title='bbox 1138 2377 1214 2417; x_wconf 87' lang='lat' dir='ltr'><strong>hoc</strong></span> <span class='ocrx_word' id='word_1_182' title='bbox 1242 2376 1387 2417; x_wconf 87' lang='lat' dir='ltr'><strong>vitium</strong></span> <span class='ocrx_word' id='word_1_183' title='bbox 1418 2381 1461 2417; x_wconf 93' lang='lat' dir='ltr'><strong>et</strong></span> <span class='ocrx_word' id='word_1_184' title='bbox 1489 2376 1610 2417; x_wconf 85' lang='lat' dir='ltr'><strong>simul</strong></span> <span class='ocrx_word' id='word_1_185' title='bbox 1638 2373 1850 2429; x_wconf 81' lang='lat' dir='ltr'><strong>figuratior</strong></span> <span class='ocrx_word' id='word_1_186' title='bbox 1878 2376 1957 2417; x_wconf 88' lang='lat' dir='ltr'><strong>erit</strong></span> <span class='ocrx_word' id='word_1_187' title='bbox 1986 2376 2125 2426; x_wconf 83' lang='lat' dir='ltr'><strong>dictio,</strong></span> 
     </span>
     <span class='ocr_line' id='line_1_26' title="bbox 466 2443 1096 2497; baseline -0.003 -11"><span class='ocrx_word' id='word_1_188' title='bbox 466 2445 528 2486; x_wconf 88' lang='lat' dir='ltr'><strong>ita</strong></span> <span class='ocrx_word' id='word_1_189' title='bbox 555 2443 886 2497; x_wconf 85' lang='lat' dir='ltr'><strong>interpunctione</strong></span> <span class='ocrx_word' id='word_1_190' title='bbox 914 2448 1096 2484; x_wconf 88' lang='lat' dir='ltr'><strong>mutata:</strong></span> 
     </span>
    </p>
   </div>
   <div class='ocr_carea' id='block_1_10' title="bbox 862 2518 1980 2651">
    <p class='ocr_par' dir='ltr' id='par_1_11' title="bbox 862 2518 1980 2651">
     <span class='ocr_line' id='line_1_27' title="bbox 1124 2518 1980 2574; baseline 0 -13"><span class='ocrx_word' id='word_1_191' title='bbox 1124 2521 1335 2574; x_wconf 81' lang='lat' dir='ltr'><strong>festasque</strong></span> <span class='ocrx_word' id='word_1_192' title='bbox 1364 2531 1489 2573; x_wconf 77' lang='lat' dir='ltr'><strong>super</strong></span> <span class='ocrx_word' id='word_1_193' title='bbox 1517 2518 1775 2560; x_wconf 73' lang='lat' dir='ltr'><strong>celebrabere</strong></span> <span class='ocrx_word' id='word_1_194' title='bbox 1802 2531 1980 2569; x_wconf 76' lang='lat' dir='ltr'><strong>mensas,</strong></span> 
     </span>
     <span class='ocr_line' id='line_1_28' title="bbox 862 2596 1697 2651; baseline -0.002 -12"><span class='ocrx_word' id='word_1_195' title='bbox 862 2599 932 2639; x_wconf 91' lang='lat' dir='ltr'><strong>Ab</strong></span> <span class='ocrx_word' id='word_1_196' title='bbox 960 2599 1065 2639; x_wconf 84' lang='lat' dir='ltr'><strong>Jove</strong></span> <span class='ocrx_word' id='word_1_197' title='bbox 1094 2598 1249 2651; x_wconf 86' lang='lat' dir='ltr'><strong>primus</strong></span> <span class='ocrx_word' id='word_1_198' title='bbox 1277 2598 1421 2646; x_wconf 82' lang='lat' dir='ltr'><strong>honos,</strong></span> <span class='ocrx_word' id='word_1_199' title='bbox 1450 2596 1570 2638; x_wconf 78' lang='lat' dir='ltr'><strong>bellis</strong></span> <span class='ocrx_word' id='word_1_200' title='bbox 1599 2602 1697 2638; x_wconf 82' lang='lat' dir='ltr'><strong>cett.</strong></span> 
     </span>
    </p>
   </div>
   <div class='ocr_carea' id='block_1_11' title="bbox 461 2706 2125 2896">
    <p class='ocr_par' dir='ltr' id='par_1_12' title="bbox 461 2706 2125 2896">
     <span class='ocr_line' id='line_1_29' title="bbox 468 2706 2124 2760; baseline 0 -11"><span class='ocrx_word' id='word_1_201' title='bbox 468 2708 639 2749; x_wconf 73' lang='lat' dir='ltr'><strong>Primus</strong></span> <span class='ocrx_word' id='word_1_202' title='bbox 681 2708 734 2749; x_wconf 83' lang='lat' dir='ltr'><strong>ab</strong></span> <span class='ocrx_word' id='word_1_203' title='bbox 777 2707 883 2750; x_wconf 79' lang='lat' dir='ltr'><strong>Jove</strong></span> <span class='ocrx_word' id='word_1_204' title='bbox 924 2708 1051 2750; x_wconf 69' lang='lat' dir='ltr'><strong>honos</strong></span> <span class='ocrx_word' id='word_1_205' title='bbox 1092 2707 1254 2760; x_wconf 84' lang='lat' dir='ltr'><strong>Langia</strong></span> <span class='ocrx_word' id='word_1_206' title='bbox 1295 2707 1446 2748; x_wconf 81' lang='lat' dir='ltr'><strong>dieitur</strong></span> <span class='ocrx_word' id='word_1_207' title='bbox 1482 2706 1624 2748; x_wconf 87' lang='lat' dir='ltr'><strong>eodem</strong></span> <span class='ocrx_word' id='word_1_208' title='bbox 1653 2706 1773 2748; x_wconf 89' lang='lat' dir='ltr'><strong>modo</strong></span> <span class='ocrx_word' id='word_1_209' title='bbox 1802 2720 1895 2760; x_wconf 87' lang='lat' dir='ltr'><strong>qno,</strong></span> <span class='ocrx_word' id='word_1_210' title='bbox 1923 2712 1973 2749; x_wconf 88' lang='grc' dir='ltr'><strong>ιιι</strong></span> <span class='ocrx_word' id='word_1_211' title='bbox 1999 2720 2124 2749; x_wconf 82' lang='grc' dir='ltr'>ιιιιιιιιι</span> 
     </span>
     <span class='ocr_line' id='line_1_30' title="bbox 469 2771 2125 2831; baseline 0 -16"><span class='ocrx_word' id='word_1_212' title='bbox 469 2774 699 2829; x_wconf 85' lang='lat' dir='ltr'><strong>exemplum</strong></span> <span class='ocrx_word' id='word_1_213' title='bbox 743 2789 765 2817; x_wconf 89' lang='lat' dir='ltr'><strong>e</strong></span> <span class='ocrx_word' id='word_1_214' title='bbox 808 2774 950 2818; x_wconf 80' lang='lat' dir='ltr'><strong>multis</strong></span> <span class='ocrx_word' id='word_1_215' title='bbox 994 2787 1157 2829; x_wconf 88' lang='lat' dir='ltr'><strong>ponam,</strong></span> <span class='ocrx_word' id='word_1_216' title='bbox 1201 2778 1245 2815; x_wconf 91' lang='lat' dir='ltr'><strong>et</strong></span> <span class='ocrx_word' id='word_1_217' title='bbox 1287 2774 1397 2828; x_wconf 89' lang='lat' dir='ltr'><strong>apud</strong></span> <span class='ocrx_word' id='word_1_218' title='bbox 1441 2771 1670 2828; x_wconf 80' lang='lat' dir='ltr'><strong>Vergilium</strong></span> <span class='ocrx_word' id='word_1_219' title='bbox 1700 2776 1743 2814; x_wconf 90' lang='lat' dir='ltr'><strong>et</strong></span> <span class='ocrx_word' id='word_1_220' title='bbox 1771 2771 1954 2816; x_wconf 86' lang='lat' dir='ltr'><strong>Statium</strong></span> <span class='ocrx_word' id='word_1_221' title='bbox 1975 2773 2125 2831; x_wconf 74' lang='lat' dir='ltr'><strong>prima</strong></span> 
     </span>
     <span class='ocr_line' id='line_1_31' title="bbox 461 2839 2107 2896; baseline 0 -15"><span class='ocrx_word' id='word_1_222' title='bbox 461 2840 610 2896; x_wconf 82' lang='lat' dir='ltr'><strong>palma</strong></span> <span class='ocrx_word' id='word_1_223' title='bbox 638 2842 886 2895; x_wconf 86' lang='lat' dir='ltr'><strong>appellatur,</strong></span> <span class='ocrx_word' id='word_1_224' title='bbox 916 2842 985 2895; x_wconf 90' lang='lat' dir='ltr'><strong>qui</strong></span> <span class='ocrx_word' id='word_1_225' title='bbox 1015 2842 1188 2894; x_wconf 86' lang='lat' dir='ltr'><strong>primam</strong></span> <span class='ocrx_word' id='word_1_226' title='bbox 1219 2841 1399 2893; x_wconf 85' lang='lat' dir='ltr'><strong>palmam</strong></span> <span class='ocrx_word' id='word_1_227' title='bbox 1430 2839 1637 2893; x_wconf 84' lang='lat' dir='ltr'><strong>acceperit</strong></span> <span class='ocrx_word' id='word_1_228' title='bbox 1665 2844 1739 2879; x_wconf 87' lang='lat' dir='ltr'><strong>aut</strong></span> <span class='ocrx_word' id='word_1_229' title='bbox 1768 2845 2010 2892; x_wconf 75' lang='lat' dir='ltr'><strong>accepturus</strong></span> <span class='ocrx_word' id='word_1_230' title='bbox 2039 2840 2107 2881; x_wconf 87' lang='lat' dir='ltr'><strong>sit.</strong></span> 
     </span>
    </p>
   </div>
   <div class='ocr_carea' id='block_1_12' title="bbox 575 2972 1896 3119">
    <p class='ocr_par' dir='ltr' id='par_1_13' title="bbox 575 2972 1896 3119">
     <span class='ocr_line' id='line_1_32' title="bbox 575 2972 913 3024; baseline 0.006 -10"><span class='ocrx_word' id='word_1_231' title='bbox 575 2972 665 3015; x_wconf 88' lang='lat' dir='ltr'><strong>Lib.</strong></span> <span class='ocrx_word' id='word_1_232' title='bbox 694 2974 749 3024; x_wconf 91' lang='lat' dir='ltr'><strong>V,</strong></span> <span class='ocrx_word' id='word_1_233' title='bbox 778 2988 817 3015; x_wconf 87' lang='lat' dir='ltr'><strong>v.</strong></span> <span class='ocrx_word' id='word_1_234' title='bbox 846 2975 913 3016; x_wconf 84' lang='lat'><strong>20.</strong></span> 
     </span>
     <span class='ocr_line' id='line_1_33' title="bbox 728 3061 1896 3119; baseline 0.001 -15"><span class='ocrx_word' id='word_1_235' title='bbox 728 3063 788 3104; x_wconf 84' lang='lat' dir='ltr'><strong>At</strong></span> <span class='ocrx_word' id='word_1_236' title='bbox 816 3069 956 3105; x_wconf 88' lang='lat' dir='ltr'><strong>tamen</strong></span> <span class='ocrx_word' id='word_1_237' title='bbox 986 3077 1023 3113; x_wconf 91' lang='lat' dir='ltr'><strong>o,</strong></span> <span class='ocrx_word' id='word_1_238' title='bbox 1052 3078 1303 3119; x_wconf 81' lang='lat' dir='ltr'><strong>quaecunque</strong></span> <span class='ocrx_word' id='word_1_239' title='bbox 1332 3078 1390 3113; x_wconf 78' lang='lat' dir='ltr'><strong>es,</strong></span> <span class='ocrx_word' id='word_1_240' title='bbox 1419 3064 1493 3114; x_wconf 78' lang='lat' dir='ltr'><strong>ait,</strong></span> <span class='ocrx_word' id='word_1_241' title='bbox 1523 3064 1588 3105; x_wconf 85' lang='lat' dir='ltr'><strong>eui</strong></span> <span class='ocrx_word' id='word_1_242' title='bbox 1617 3061 1747 3116; x_wconf 86' lang='lat' dir='ltr'><strong>gloria</strong></span> <span class='ocrx_word' id='word_1_243' title='bbox 1773 3067 1896 3105; x_wconf 88' lang='lat' dir='ltr'><strong>tanta</strong></span> 
     </span>
    </p>
   </div>
   <div class='ocr_carea' id='block_1_13' title="bbox 728 3153 1748 3207">
    <p class='ocr_par' dir='ltr' id='par_1_14' title="bbox 728 3153 1748 3207">
     <span class='ocr_line' id='line_1_34' title="bbox 728 3153 1748 3207; baseline -0.003 -10"><span class='ocrx_word' id='word_1_244' title='bbox 728 3153 928 3199; x_wconf 79' lang='lat' dir='ltr'><strong>Venimus</strong></span> <span class='ocrx_word' id='word_1_245' title='bbox 956 3154 1177 3199; x_wconf 70' lang='lat' dir='ltr'><strong>innumerae</strong></span> <span class='ocrx_word' id='word_1_246' title='bbox 1206 3155 1339 3199; x_wconf 78' lang='lat' dir='ltr'><strong>fatum</strong></span> <span class='ocrx_word' id='word_1_247' title='bbox 1369 3154 1519 3199; x_wconf 83' lang='lat' dir='ltr'><strong>debere</strong></span> <span class='ocrx_word' id='word_1_248' title='bbox 1548 3153 1748 3207; x_wconf 78' lang='lat' dir='ltr'><strong>cohortes,</strong></span> 
     </span>
    </p>
   </div>
  </div>
 </body>
</html>
