2338 3774
476 412 526 446 34
1122 411 1160 447 C.
1192 412 1233 447 Ε.
1264 411 1489 448 Sandstrom.

478 530 725 566 statuamus.
786 523 863 566 Cui
906 524 1210 566 ratiocinationi
1256 524 1472 573 concurrit,
1502 525 1608 577 quod
1638 523 1745 565 inter
1773 525 1872 565 deas
1901 521 2130 577 pulchritu-

477 592 572 632 dine
616 593 756 632 formae
786 596 1044 643 praestantes,
1074 592 1216 644 quales
1244 596 1355 639 sunt,
1385 603 1473 644 quae
1502 590 1568 631 hic
1597 590 1871 638 nominantur,
1901 590 2037 637 Ceres,
2067 587 2129 628 A-

476 656 634 706 riadne,
676 659 834 705 Venus,
878 670 1009 705 nemo,
1053 658 1159 710 quod
1203 656 1345 705 sciam,
1386 656 1510 708 Majae
1553 655 1800 698 mentionem
1843 655 1954 697 fecit.
2019 655 2132 699 Con·-v

467 722 588 776 jicio:

1005 789 1082 829 hoc
1109 801 1188 829 aere
1218 788 1356 836 Ceres,
1385 788 1462 829 hoc
1490 787 1628 829 lucida
1656 787 1822 837 Gnosis,

737 865 814 905 Illo
843 879 996 920 maqna
1030 863 1177 912 Thetis,
1206 864 1350 905 Venus
1378 863 1455 905 hoc
1484 876 1564 905 non
1592 862 1768 917 inproba
1796 876 1909 905 saxo.

588 1021 633 1062 C.
663 1019 740 1068 111,
768 1033 807 1060 v.
836 1020 903 1061 51.

733 1096 813 1136 Hic
842 1109 914 1149 ego
945 1102 987 1137 te
1017 1097 1132 1152 (nam
1162 1096 1318 1137 Sicanii
1348 1109 1427 1137 non
1458 1095 1598 1137 mitius
1626 1095 1744 1136 halat

732 1173 850 1213 Aura
879 1173 997 1221 croci,
1027 1173 1124 1214 ditis
1155 1186 1230 1215 nec
1258 1174 1317 1215 sic
1345 1172 1422 1214 tibi
1453 1185 1551 1214 cara
1578 1171 1717 1214 Sabaei

734 1247 949 1298 Cinnama,
979 1250 1173 1291 odoratas
1204 1264 1282 1291 nec
1310 1250 1449 1291 Arabs
1478 1248 1663 1303 decerpit
1691 1247 1865 1305 aristas)

729 1325 884 1367 Inferni
914 1340 1004 1368 cum
1037 1327 1158 1369 laude
1189 1328 1302 1369 lacus
1332 1332 1374 1369 et
1403 1326 1581 1369 carmine
1610 1326 1759 1381 plango

729 1401 886 1443 Pierio:
917 1417 1030 1445 sume
1060 1417 1083 1445 o
1113 1404 1290 1458 gemitus
1321 1411 1363 1446 et
1391 1417 1562 1446 munera
1589 1403 1678 1445 nati

728 1479 786 1520 Et
814 1479 1019 1529 lacrimas,
1049 1480 1131 1521 rari
1161 1494 1263 1535 quas
1291 1495 1485 1535 umquam
1514 1481 1695 1522 habuere
1725 1485 1932 1534 parentes.

469 1588 540 1630 Sic
581 1588 880 1639 Baehrensius;
923 1589 965 1630 in
1004 1603 1087 1643 qua
1115 1590 1321 1644 scriptura
1349 1597 1392 1632 et
1420 1590 1522 1632 illud
1553 1604 1645 1632 cum
1673 1589 1834 1647 inferni
1861 1588 1975 1631 locus
2002 1588 2126 1630 laude

467 1653 638 1695 offendit
665 1677 721 1685 —-
749 1668 858 1703 nam,
888 1655 958 1709 qui
988 1661 1148 1708 patrem
1178 1662 1383 1697 mortuum
1412 1657 1540 1710 luget,
1569 1655 1671 1697 nihil
1700 1655 1842 1704 habet,
1869 1654 2026 1708 opinor,
2055 1667 2126 1696 cur

466 1721 617 1762 inferos
666 1721 809 1762 laudet
836 1745 892 1752 —-
921 1727 964 1763 et
992 1721 1165 1763 extremi
1195 1736 1337 1764 versus
1367 1722 1437 1776 qui
1466 1736 1611 1764 sensus
1640 1735 1730 1763 esse
1759 1720 1904 1775 possit,
1934 1720 2122 1776 equidem

467 1801 545 1828 non
577 1799 785 1840 assequor.
846 1781 1017 1829 Codices
1047 1788 1208 1845 inferni
1237 1803 1328 1829 cum
1358 1788 1481 1830 laude
1510 1787 1590 1831 loci
1619 1788 1691 1830 sed
1719 1788 1916 1841 praebent.
1973 1787 2124 1828 Totum

466 1854 596 1895 locum
628 1851 690 1894 ita
719 1852 1052 1896 constituendum
1082 1860 1207 1908 puto:

726 1940 807 1982 Hic
836 1954 909 1995 ego
938 1947 981 1982 te
1010 1941 1126 1997 (nam
1158 1942 1313 1984 Sicanii
1343 1956 1423 1984 non
1453 1941 1594 1983 mitius
1623 1941 1742 1982 halat

729 2019 847 2059 Aura
877 2018 995 2066 croci,
1025 2020 1123 2060 ditis
1154 2034 1227 2061 nec
1256 2020 1315 2061 sic
1344 2019 1422 2061 tibi
1454 2033 1551 2061 cara
1578 2017 1716 2060 Sabaei

732 2093 951 2145 Cinnama,
981 2097 1175 2138 odoratas
1204 2110 1278 2139 nec
1309 2085 1447 2138 Arabs
1478 2095 1661 2150 decerpit
1690 2094 1864 2152 aristas)

730 2172 886 2214 Inferni
916 2187 998 2215 non
1027 2172 1111 2230 leye
1140 2174 1231 2225 loci,
1261 2176 1332 2216 sed
1364 2174 1542 2217 carmine
1571 2174 1720 2229 plango

728 2235 885 2291 Pierio:
915 2264 1029 2293 sume
1059 2265 1082 2292 o
1112 2251 1288 2306 gemitus
1318 2258 1361 2294 et
1388 2264 1558 2294 munera
1586 2250 1674 2294 nati

731 2328 789 2368 Et
819 2326 1010 2369 lacrimas
1039 2328 1175 2378 hauri,
1206 2342 1308 2383 quas
1344 2344 1568 2385 numquam
1582 2329 1762 2370 habuere
1786 2334 1992 2382 parentes.

471 2432 583 2476 ”Non
627 2436 875 2489 sepulchrali
918 2438 1014 2487 ritu,
1058 2452 1136 2480 non
1180 2439 1302 2481 solito
1346 2441 1571 2495 lugentium
1602 2453 1714 2482 more
1742 2444 1786 2481 te
1814 2440 2021 2495 plangam,
2050 2443 2123 2483 sed

468 2500 596 2554 pierio
640 2501 838 2544 carmine:
883 2504 1060 2546 carmine
1104 2518 1319 2559 expressos
1362 2507 1434 2548 filii
1479 2506 1542 2549 tui
1585 2507 1745 2548 dolores
1774 2511 1818 2547 et
1845 2506 2022 2561 gemitus
2051 2520 2123 2549 ac·

471 2566 559 2620 cipe
589 2574 631 2609 et
658 2567 775 2611 hauri
805 2570 1009 2621 lacrimas,
1039 2572 1181 2626 quales
1210 2572 1311 2614 nulli
1341 2587 1533 2628 umquam
1563 2573 1743 2615 habuere
1771 2570 2000 2627 parentes.”

581 2704 620 2731 v.
648 2689 717 2732 80.

724 2767 817 2809 Non
848 2782 920 2822 ego
950 2783 1052 2824 quas
1082 2771 1158 2813 fati
1190 2777 1325 2813 certus
1355 2771 1434 2813 sibi
1463 2785 1561 2814 voce
1592 2785 1741 2815 canora

725 2844 901 2887 Inferias
929 2848 1147 2900 praemittit
1175 2849 1262 2890 olor
1291 2862 1364 2891 nec
1393 2863 1493 2903 rupe
1524 2850 1630 2904 quod
1662 2855 1756 2891 atra

727 2922 951 2976 Tyrrhenae
980 2925 1163 2968 volucres
1194 2925 1333 2968 nautis
1362 2927 1565 2980 praedulce
1595 2926 1819 2976 minantur,

728 2998 775 3040 In
804 2999 962 3053 patrios
992 3002 1194 3045 adhibebo
1223 3016 1363 3058 rogos:
1393 3017 1474 3062 non
1503 3017 1709 3046 murmure
1737 3008 1896 3052 trunco,

564 3087 601 3115 v.
631 3074 697 3116 84.
728 3075 846 3126 Quod
878 3078 1007 3136 gemit
1036 3086 1079 3123 et
1106 3081 1204 3123 diroe
1234 3080 1419 3138 queritur
1447 3080 1680 3125 Philomela
1708 3079 1857 3126 sororiz
