2374 3738
719 365 849 401 Studia
877 363 1016 400 Critica
1043 363 1084 399 in
1110 362 1307 408 Papinium
1335 362 1507 398 Statium.
1917 366 1944 395 V

554 475 642 515 Nec
670 486 789 527 grege
818 473 1020 527 permixto
1050 473 1165 526 pueri
1192 473 1456 526 innuptaeque
1484 472 1643 525 puellae,

557 551 652 603 Ipse
681 563 756 591 nec
782 551 939 592 AEneas
967 563 1043 592 nec
1070 563 1243 604 magnus
1271 550 1440 591 duceret
1467 549 1635 589 Hector.

291 626 360 666 ubi
389 626 698 679 reprehenditur
726 626 903 676 Statius,
932 627 1039 680 quod
1070 627 1207 668 vivum
1233 628 1467 674 Hectorem,
1497 638 1576 679 quo
1605 629 1788 676 tempore
1816 638 1942 678 equus

293 691 493 745 Trojanus
522 693 561 733 in
593 693 732 733 urbem
763 691 1045 742 invehebatur,
1073 693 1283 734 induxisse
1313 692 1489 740 videtur,
1512 691 1554 731 id
1570 690 1701 730 sinon
1717 691 1827 742 apud
1842 690 1943 730 Sta-

293 757 410 807 tium,
453 760 526 800 sed
570 759 678 811 apud
718 758 942 813 Vergilium
972 759 1186 813 legeretur,
1215 759 1380 800 minime
1413 757 1556 798 dubito
1587 756 1682 810 quin
1713 761 1941 809 promptam

295 828 338 865 et
380 830 568 878 paratam
611 824 783 867 haberet
819 825 1094 868 defensionem
1126 826 1398 879 continuoque
1427 828 1686 866 enarratores
1715 834 1868 870 omnes,
1897 828 1943 863 ut

293 904 366 932 suo
402 891 495 944 jure
538 892 672 933 facere
715 898 895 946 possent,
925 892 1156 942 Hectorem,
1184 894 1223 934 si
1251 900 1337 934 tum
1365 892 1535 932 vixisset
1562 890 1942 943 interpretarentur.

291 957 432 1011 Atque
460 958 622 1000 omnino
651 959 893 1001 festinantia
919 959 1006 1009 illa,
1036 973 1157 1014 quam
1188 961 1422 1013 frequenter
1439 958 1480 999 in
1501 955 1812 1010 praefationibus
1833 968 1944 996 com-

292 1029 492 1064 memorat
520 1024 696 1073 Statius,
726 1038 777 1065 ne
806 1025 898 1078 plus
922 1026 1036 1078 ιἰιιειο
1066 1027 1118 1066 ad
1148 1026 1345 1066 orationis
1364 1024 1589 1077 praesertim
1606 1022 1711 1063 vitia
1728 1021 1944 1062 toleranda

291 1102 539 1139 moveamur,
568 1103 812 1145 magnopere
842 1092 1065 1133 cavendum
1096 1097 1179 1142 est;
1208 1104 1340 1145 neque
1369 1090 1475 1132 enim
1505 1101 1645 1131 omnes
1666 1087 1814 1142 eclogae
1828 1086 1942 1128 illam

290 1155 513 1195 celeritatis
556 1162 599 1196 et
654 1157 800 1197 subitae
843 1158 1074 1210 scriptionis
1115 1158 1271 1198 habent
1314 1156 1619 1197 excusationem
1662 1178 1716 1185 —
1746 1153 1943 1207 epicedia,

289 1234 378 1275 quae
415 1221 455 1262 in
486 1221 715 1264 Priscillam
756 1228 799 1264 et
833 1222 874 1264 in
904 1227 1063 1277 patrem
1093 1236 1210 1265 suum
1241 1222 1382 1272 edidit,
1412 1226 1500 1263 toto
1530 1233 1636 1262 anno
1666 1224 1761 1274 post
1789 1227 1941 1261 mortes

239 1320 244 1325 ,
286 1286 399 1340 ipsas
428 1294 779 1341 composuerat—
808 1294 850 1329 et
878 1289 912 1329 si
941 1289 1027 1330 haec
1056 1289 1237 1330 carmina
1265 1302 1355 1330 cum
1386 1301 1432 1329 eo
1462 1287 1802 1339 comparabimus,
1832 1287 1938 1339 quod

287 1366 409 1407 quum
438 1354 531 1407 plus
560 1355 823 1395 ducentorum
853 1368 1041 1396 versuum
1072 1360 1194 1404 esset,
1222 1355 1346 1396 biduo
1375 1354 1572 1407 scriptum
1589 1366 1678 1394 esse
1697 1352 1785 1405 ipse
1804 1357 1939 1393 testa-

285 1424 366 1469 tur,
396 1419 661 1474 epithalamio
691 1420 834 1462 Stellae
863 1426 906 1462 et
934 1421 1205 1470 Violantillae,
1235 1434 1313 1462 non
1343 1433 1443 1461 sane
1472 1420 1609 1472 plures
1638 1418 1679 1459 in
1708 1418 1786 1459 hoc
1815 1431 1936 1471 quam

283 1485 325 1526 in
354 1486 436 1527 illis
454 1486 702 1539 reperiemus
725 1487 1003 1529 difficultates.

392 1553 462 1594 Ita
489 1553 539 1594 de
569 1557 672 1602 arte,
702 1566 899 1602 sermone,
928 1553 1110 1595 sanitate
1139 1552 1267 1595 Statii
1290 1552 1484 1606 judicans
1513 1576 1566 1582 —
1596 1556 1644 1592 ut
1670 1551 1736 1593 vel
1766 1551 1817 1592 ob
1848 1563 1937 1592 eam

285 1617 567 1660 Statianorum
612 1619 834 1661 carminum
878 1625 1053 1673 partem,
1088 1620 1204 1673 cujus
1233 1619 1512 1661 sinceritatem
1542 1618 1762 1659 multitudo
1793 1623 1836 1658 et
1863 1618 1939 1658 bo—

283 1685 394 1726 nitas
440 1685 621 1726 codicum
665 1691 851 1738 praestat,
887 1686 952 1727 vel
981 1687 1032 1727 ob
1070 1686 1300 1727 litterarum
1331 1699 1420 1740 quae
1447 1685 1530 1726 illis
1557 1684 1658 1738 ipsis
1686 1683 1939 1737 temporibus

284 1756 375 1792 erat
418 1751 687 1792 conditionem
732 1752 962 1794 universam
1005 1757 1117 1795 recte
1147 1752 1334 1806 judicare
1364 1751 1463 1794 mihi
1492 1751 1662 1793 videbar
1688 1775 1743 1781 —
1770 1750 1845 1800 ita,
1873 1749 1938 1791 in-

285 1829 422 1871 quam,
452 1816 694 1859 existimans
723 1831 847 1873 quum
877 1819 930 1860 ad
960 1818 1098 1860 Silvas
1127 1831 1191 1860 me
1219 1818 1566 1873 recognoscendas
1582 1817 1938 1870 emendandasque

287 1880 509 1924 conferrem
555 1889 597 1924 et
619 1884 818 1936 judicium
847 1885 949 1925 illud
978 1885 1142 1926 traditae
1171 1885 1383 1938 scripturae
1411 1890 1622 1938 tamquam
1651 1883 1834 1937 regulam
1864 1896 1940 1936 ap-

282 1949 491 2003 plicarem,
521 1949 650 2003 magis
680 1950 889 2004 magisque
917 1951 959 1991 in
989 1963 1077 1992 eam
1109 1950 1338 2004 opinionem
1354 1951 1556 1992 adductus
1571 1962 1676 1999 sum,
1692 1961 1937 2003 quamquam

282 2029 443 2069 semper
469 2016 543 2057 illa
571 2016 674 2057 satis
703 2017 931 2070 depravata
959 2017 1105 2058 habita
1133 2023 1256 2067 esset,
1285 2023 1425 2058 tamen
1441 2017 1569 2058 multo
1586 2029 1708 2070 quam
1724 2021 1941 2069 putaretur

282 2082 611 2139 depravatiorem
641 2096 743 2133 esse,
772 2097 851 2125 non
881 2084 1000 2125 modo
1029 2089 1076 2125 ut
1105 2080 1287 2126 mendosi
1316 2084 1392 2126 loci
1423 2084 1560 2138 plures
1590 2088 1803 2126 exstarent
1816 2096 1938 2137 quam

282 2149 352 2203 qui
382 2154 520 2190 essent
548 2162 574 2189 a
603 2149 753 2190 criticis
782 2151 1037 2203 deprehensi,
1066 2152 1139 2192 sed
1168 2151 1292 2192 etiam
1323 2157 1371 2191 ut
1398 2152 1441 2200 ii,
1469 2152 1510 2191 in
1541 2151 1688 2205 quibus
1716 2164 1841 2203 opera
1870 2164 1940 2191 eo-

281 2228 371 2257 rum
395 2215 483 2268 jam
514 2221 624 2257 esset
651 2222 831 2265 versata,
860 2217 989 2258 multo
1026 2217 1224 2271 graviore,
1254 2231 1375 2271 quam
1405 2217 1465 2258 illi
1481 2217 1755 2271 putavissent,
1771 2230 1939 2270 corrup-

279 2281 366 2323 tela
414 2281 661 2323 laborarent.
734 2281 854 2329 Quod
898 2295 1037 2324 verum
1083 2296 1172 2324 esse
1217 2296 1464 2338 quamquam
1494 2283 1762 2324 multifariam
1791 2283 1833 2323 in
1862 2283 1939 2323 hoc

281 2347 476 2400 opusculo
506 2349 788 2388 demonstrare
825 2349 1014 2397 conabor,
1043 2355 1183 2390 tamen
1214 2356 1261 2390 ιιι
1283 2350 1371 2401 jam
1402 2363 1521 2398 nunc,
1540 2362 1661 2402 quam
1678 2349 1842 2402 penitus
1860 2351 1938 2391 ad-

280 2414 392 2456 fecta
428 2418 470 2454 et
513 2413 699 2455 ulcerata
740 2413 912 2468 vulgata
948 2415 1153 2468 scriptura
1181 2415 1249 2465 sit,
1277 2415 1428 2456 illustri
1458 2414 1643 2468 exemplo
1673 2420 1770 2455 ante
1798 2415 1936 2456 oculos

280 2484 469 2531 ponatur,
514 2480 773 2520 considerent
809 2494 967 2521 mecum
998 2482 1180 2533 legentes
1209 2482 1330 2522 velim
1359 2482 1469 2522 hunc
1498 2495 1548 2523 ex
1578 2481 1854 2523 consolatione
1883 2482 1937 2522 ad

279 2544 493 2588 Claudium
539 2545 757 2589 Etruscum
802 2546 954 2589 locum:
999 2546 1113 2601 cujus
1143 2550 1190 2589 ut
1220 2547 1451 2590 emendatio
1481 2559 1676 2602 perquam
1706 2546 1863 2589 lubrica
1892 2552 1936 2589 et

277 2612 448 2660 incerta,
476 2612 539 2651 ita
566 2611 669 2651 vitia
698 2617 741 2651 et
769 2624 918 2666 magna
947 2618 990 2653 et
1019 2613 1247 2653 certissima
1274 2620 1391 2654 sunt:

538 2688 776 2740 Praecipuus
806 2690 878 2730 sed
909 2690 1016 2730 enim
1046 2692 1213 2731 meritos
1241 2690 1436 2731 subvexit
1463 2691 1505 2731 in
1535 2695 1653 2731 actus

539 2765 730 2807 Nondum
761 2765 1026 2819 stelligerum,
1044 2766 1180 2808 senior
1208 2765 1401 2807 dimissus
1429 2766 1472 2807 in
1501 2779 1621 2808 axem

540 2841 738 2884 Claudius
768 2846 811 2881 et
839 2842 957 2894 longo
986 2843 1217 2883 transmisit
1245 2843 1398 2884 habere
1426 2844 1580 2896 nepoti.

543 2918 647 2965 Quis
676 2930 844 2971 superos
873 2923 1060 2959 metuens
1089 2919 1244 2971 pariter
1272 2924 1337 2960 tot
1364 2920 1535 2972 templa,
1563 2925 1628 2961 tot
1657 2933 1752 2961 aras

539 2995 818 3038 Promeruisse
847 2995 999 3036 datur?
1069 2994 1171 3037 Silv.
1201 2996 1280 3046 111,
1310 3006 1374 3046 111,
1403 2993 1604 3054 76—80.)

390 3072 460 3113 Sic
488 3073 609 3127 vulgo
640 3074 766 3115 edunt
794 3086 923 3126 neque
953 3073 1112 3115 codices
1140 3073 1319 3123 variant,
1335 3074 1413 3116 nisi
1444 3076 1551 3129 quod
1580 3075 1623 3117 in
1652 3075 1841 3121 omnibus
1856 3089 1934 3117 non

281 3138 491 3200 dimissus,
521 3140 593 3192 sed
623 3140 824 3193 demissus
851 3138 1011 3193 legitur.
1068 3139 1149 3181 Hic
1176 3140 1365 3206 primum,
1396 3143 1503 3208 quod
1533 3147 1629 3196 post
1642 3142 1931 3194 Marklandum¹
