2456 3781
481 419 530 455 18
764 409 766 412 ’
1125 421 1164 459 e.
1196 422 1239 459 n.
1269 421 1495 460 eane-trum.

478 533 535 573 ad
571 533 774 588 proprios
817 535 954 589 iynes:
995 540 1105 577 recte
1153 535 1276 577 etiam
1315 549 1389 589 per
1417 536 1667 590 anaphoram
1698 536 1927 577 efferretur:
1957 547 2049 575 cum
2077 532 2134 573 ad

473 599 675 655 proprios
704 600 832 655 iynes,
861 616 953 642 cum
975 608 1143 657 patrem
1168 617 1391 658 yemerem:
1418 603 1495 644 hoc
1522 616 1617 644 vero
1647 603 1765 644 modo
1794 606 2009 655 utrumque
2038 612 2135 640 con-

474 667 664 718 junctum
697 669 924 709 necessario
955 682 1123 721 pravam
1154 670 1401 711 sententiam
1418 670 1530 710 facit.
1575 670 1750 711 Accedit
1765 667 2136 710 exclamatiuncula

476 733 550 773 illa
587 730 754 783 ”Quem‚
783 731 972 775 natura!”
1002 748 1090 788 quae
1119 759 1173 766 —
1201 748 1302 788 pace
1332 748 1469 776 eorum
1498 735 1684 784 dixerim,
1714 735 1748 776 si
1778 734 1846 789 qui
1876 734 1996 775 aliter
2019 732 2133 786 judi-

479 800 634 839 cabunt
662 824 715 830 —
746 806 831 840 tam
862 801 1008 853 putida
1037 801 1199 841 videtur
1227 814 1349 854 quam
1380 802 1486 853 quod
1505 801 1821 853 putidissimum.
1864 800 2132 847 Scribendum

473 878 638 906 censeo:

1256 931 1344 985 Ego
1368 931 1494 984 juxta
1521 931 1647 972 busta
1674 930 1852 985 profusis

736 1009 941 1049 Matribus
971 1014 1095 1062 atque
1125 1008 1203 1060 piis
1234 1008 1360 1048 cecini
1390 1007 1541 1048 solatia
1568 1007 1693 1056 natis,

736 1084 853 1126 Heu!
880 1085 992 1133 mihi,
1023 1098 1144 1138 quum
1174 1084 1359 1137 proprios
1389 1097 1590 1137 gemerem
1620 1084 1807 1125 defectus
1835 1084 1889 1125 ad
1916 1083 2045 1137 ignes,

738 1161 951 1204 Collatura
972 1176 1144 1217 parum.

470 1239 670 1281 Similiter
699 1240 739 1280 in
770 1238 952 1292 epicedio
982 1239 1023 1280 in
1056 1251 1225 1292 puerum
1257 1251 1374 1279 suum
1404 1237 1577 1291 scripto:

904 1316 980 1358 Ille
1011 1330 1084 1370 ego
1115 1316 1183 1370 qui
1213 1316 1365 1357 totiens
1395 1316 1572 1357 blandus
1602 1321 1859 1370 matrumque
1879 1321 2125 1369 patrumque

729 1394 929 1443 Vulnera,
958 1394 1027 1448 qui
1056 1394 1170 1435 vivos
1201 1394 1315 1447 potui
1345 1394 1521 1435 mulcere
1551 1393 1725 1442 dolores,

727 1470 883 1513 Deficio
913 1471 1173 1526 medieasque
1203 1484 1350 1513 manus
1379 1472 1643 1526 fomentaque
1672 1482 1821 1526 quaero.

578 1562 617 1590 v.
646 1544 714 1590 67.
925 1551 927 1553 ’

724 1626 846 1667 Muta
873 1626 1030 1675 domus,
1060 1626 1206 1674 fateor,
1235 1625 1490 1679 desolatique
1518 1629 1692 1679 penates

725 1702 782 1742 Et
811 1703 916 1743 situs
944 1702 986 1743 in
1016 1703 1213 1743 thalamis
1244 1708 1286 1742 et
1314 1706 1461 1743 maesta
1489 1701 1657 1742 silentia
1684 1701 1848 1742 mensis.

465 1793 571 1833 Illud
607 1793 753 1850 fateor
797 1795 1009 1834 ferendum
1054 1807 1132 1834 non
1165 1807 1253 1834 esse
1284 1794 1387 1834 satis
1417 1799 1604 1847 apparet.
1662 1794 1746 1836 Sed
1776 1794 1884 1848 quod
1912 1794 2125 1835 Marklan-

466 1860 543 1900 dus
588 1860 801 1913 proposuit
836 1861 1016 1916 pariter,
1061 1860 1353 1901 alienissimum
1393 1861 1445 1902 ab
1473 1860 1552 1903 hoc
1580 1861 1667 1902 loco
1697 1865 1783 1903 est:
1813 1866 1895 1902 stat
1923 1858 2019 1902 hero
2047 1873 2125 1902 au—

467 1931 566 1974 tem,
611 1931 658 1966 ut
701 1926 988 1967 Baehrensius,
1009 1926 1195 1978 conjecit,
1224 1940 1275 1966 ne
1305 1939 1332 1966 a
1359 1926 1497 1967 Statio
1526 1927 1753 1979 profectum
1784 1940 1872 1967 esse
1901 1927 2128 1974 credamus,

465 1990 554 2043 ipse
583 2004 707 2032 sonus
735 1991 993 2044 injucundior
1022 1996 1150 2033 vetat.
1209 1991 1404 2044 Suspicor
1431 1992 1494 2033 ita
1521 1992 1757 2046 legendum:

728 2069 851 2108 Muta
880 2069 1024 2108 domus
1045 2068 1140 2123 jam
1170 2068 1271 2109 adeo
1301 2068 1556 2122 desolatique
1579 2073 1764 2122 penates.

466 2143 690 2185 Elisionem
736 2144 984 2185 consimilem
1029 2144 1158 2185 Theb.
1202 2144 1280 2192 ΙΙΙ,
1323 2145 1363 2193 3,
1406 2141 1488 2186 374
1523 2145 1743 2186 habemus:
1773 2142 1957 2199 ”Hospes
1985 2145 2123 2188 adhuc

469 2210 574 2251 scio:
619 2224 694 2251 nec
731 2224 795 2251 me
827 2211 928 2251 adeo
958 2224 1023 2251 res
1059 2210 1206 2251 dextra
1235 2207 1424 2251 levavit.”
1459 2212 1575 2252 Adeo
1605 2216 1742 2252 autem
1776 2212 1918 2253 eadem
1950 2213 2034 2253 fere
2062 2212 2122 2254 si-

464 2275 725 2328 gnificatione
755 2276 934 2329 positum
966 2289 1046 2329 qua
1075 2276 1224 2316 immo.-
1252 2289 1373 2328 quam
1404 2277 1739 2330 significationem
1769 2277 1959 2318 Handius
1978 2277 2123 2319 dehac

465 2342 671 2396 particula
700 2356 826 2397 agens
856 2342 1056 2396 exemplis
1087 2342 1379 2396 comprobavit.
1436 2341 1590 2399 (Turs.,
1618 2342 1752 2395 Adeo,
1779 2343 1836 2394 V,
1863 2341 1926 2401 4.)

577 2433 616 2460 v.
650 2421 743 2461 122.

727 2498 808 2538 Illa
837 2496 1043 2553 (Invidia)
1072 2510 1210 2550 genas·
1228 2502 1271 2539 et
1298 2497 1484 2539 adultum
1515 2511 1670 2541 comere
1700 2499 1851 2541 crinem

728 2575 786 2616 Et
816 2578 1047 2615 monstrare
1076 2579 1187 2616 artes
1218 2579 1260 2615 et
1287 2573 1413 2615 verba
1442 2574 1645 2629 effingere,
1675 2588 1764 2630 quae
1792 2588 1900 2618 nunc

722 2651 980 2705 Plangimus.

2046 2547 2064 2577 Ι

459 2730 551 2771 Non
582 2730 711 2771 verba
739 2729 869 2782 pueri,
899 2729 972 2770 sed
1003 2741 1103 2781 puer
1131 2729 1218 2782 ipse
1248 2730 1520 2784 plangebatur
1549 2735 1591 2771 et
1619 2729 1758 2772 omnia
1786 2730 1874 2784 ejus
1903 2736 1947 2772 et
1976 2744 2120 2786 corpo-

461 2796 518 2837 ris
548 2802 591 2837 et
621 2796 746 2837 animi
776 2796 898 2836 bona.
956 2794 1121 2843 Mirum,
1151 2795 1191 2836 ni
1220 2796 1283 2837 ita
1310 2797 1504 2850 scripturn
1535 2802 1626 2838 erat
1654 2810 1680 2838 a
1708 2802 1852 2850 poeta:

723 2873 781 2914 Et
812 2878 1042 2914 monstrare
1072 2878 1182 2914 artes
1213 2879 1254 2915 et
1283 2881 1428 2917 cuncta
1458 2875 1662 2929 effingere,
1693 2887 1783 2930 quae
1811 2887 1919 2917 nunc

720 2950 978 3004 Plangimus.

570 3040 609 3067 v.
642 3026 734 3068 123.

720 3104 749 3145 J
751 3116 818 3145 am
848 3109 988 3148 tamen
1019 3110 1062 3145 et
1089 3106 1214 3147 validi
1243 3120 1405 3161 gressus
1434 3119 1706 3161 mensuraque
1734 3106 1865 3160 maj0r

725 3181 917 3223 Oultibus
949 3186 992 3222 et
1020 3181 1118 3224 visae
1146 3196 1269 3241 puero
1298 3185 1535 3232 decrescere
1562 3188 1722 3226 vestes:
