2397 3779
644 383 774 419 Studia.
801 383 939 419 Critica
967 383 1007 419 in
1035 382 1232 427 Papinium
1260 381 1434 418 Statium.
1825 382 1875 417 3⁹1

223 502 310 537 tam
353 499 641 548 paupertatem
671 494 808 535 fassus
836 499 948 535 esset
976 494 1053 535 nisi
1082 506 1234 547 magna
1262 493 1402 546 aliqua
1430 498 1474 533 et
1501 492 1615 545 gravi
1644 505 1771 535 causa
1798 495 1875 535 κεί-ε

224 561 392 601 ductus:
436 572 487 600 ea
528 571 623 600 vero
666 559 736 600 vix
773 560 856 601 alia
884 572 974 601 esse
1003 559 1139 613 potuit
1168 572 1290 613 quam
1320 571 1371 600 ne
1402 558 1510 598 cives
1540 558 1641 609 ejus,
1671 559 1739 611 qui
1768 559 1881 600 nulla

223 627 265 666 in
301 627 422 666 domo
460 625 657 667 Statiana
692 627 893 667 vidissent
943 626 1172 668 nobilitatis
1222 626 1411 679 insignia,
1440 624 1518 665 nisi
1548 637 1600 664 ea
1627 630 1793 677 propter
1821 626 1879 666 rei

224 692 438 733 familiaris
483 692 727 733 tenuitatem
758 693 952 746 deposita
980 693 1167 742 dixisset,
1197 693 1436 734 ementitam
1465 691 1598 744 ipsam
1623 690 1878 732 nobilitatem

224 763 432 809 putarent.
490 758 536 799 In
566 758 673 800 hanc
700 759 827 813 igitur
855 759 1100 800 sententiam
1131 760 1194 800 ita
1222 758 1444 812 temptavi:

481 835 572 876 Non
602 836 678 876 tibi
708 837 909 878 deformes
937 837 1096 877 obscuri
1125 837 1335 889 sanguinis
1364 842 1479 876 ortus

484 912 571 954 Nec
599 913 686 955 sine
716 914 804 955 luce
833 927 974 968 genus,
1004 927 1250 968 quamquam
1281 914 1447 955 fortuna
1475 918 1695 966 parentum

482 989 624 1031 Artior
652 1005 701 1032 ac
729 991 861 1032 tenuia
888 991 1064 1032 nimium
1085 1005 1169 1047 pro
1198 991 1326 1032 divite
1355 991 1438 1032 ritu

484 1067 641 1108 Ponere
671 1081 906 1122 purpureos,
935 1068 1184 1126 infandum!
1213 1068 1321 1124 luyet
1351 1069 1538 1109 amictus.

222 1151 408 1193 Fortuna
438 1163 662 1210 parentum
708 1158 883 1198 amictus
912 1172 1067 1212 ponere
1101 1156 1211 1211 lnyet
1246 1158 1387 1198 eadem
1426 1159 1555 1210 figura
1598 1158 1752 1198 dictum
1795 1172 1878 1211 qua

225 1214 387 1260 ”mediae
416 1221 553 1273 patuit
582 1223 811 1264 reverentia
838 1220 1031 1265 flammae”
1060 1223 1184 1278 (Silv.
1213 1223 1291 1272 ΙΙΙ,
1319 1233 1383 1272 ΠΙ,
1417 1223 1515 1279 189)
1545 1223 1610 1264 vel
1626 1225 1734 1277 quod
1750 1224 1875 1265 etiam

222 1286 352 1337 magis
383 1288 615 1339 appositum
646 1295 723 1337 est,
754 1286 851 1330 ”nec
881 1290 1043 1330 erubuit
1071 1290 1310 1330 famulantis
1339 1290 1479 1330 fistula
1493 1287 1683 1330 Phoebi”.
1707 1290 1784 1345 (ib.
1800 1290 1877 1345 58)

330 1388 368 1414 v.
402 1374 492 1417 169.

483 1452 676 1509 Quosque
703 1455 921 1498 Dicarchei
953 1461 1095 1510 portus
1123 1456 1363 1511 Bajanaque
1392 1455 1564 1497 mittunt

479 1532 656 1582 Littora‚
686 1546 769 1588 qua
797 1534 940 1575 mediis
969 1534 1054 1576 alte
1083 1534 1311 1588 permixtus
1341 1534 1510 1575 anhelat

481 1611 592 1664 Ignis
622 1612 738 1665 aquis
768 1617 810 1652 et
838 1618 983 1666 operta
1010 1613 1152 1653 domos
1179 1612 1369 1653 incendia
1388 1618 1567 1653 servant.

220 1686 415 1728 Fortasse
444 1689 723 1729 scribendum:

741 1766 799 1807 Et
826 1771 972 1820 operta
1000 1766 1148 1808 domus
1174 1767 1366 1809 incendia
1393 1772 1581 1808 servant:

222 1846 270 1882 ut
296 1841 582 1896 intelligantur
609 1843 781 1885 aedificia
808 1844 894 1893 illa,
924 1844 975 1886 de
1005 1844 1151 1898 quibus
1181 1845 1361 1900 loquitur
1389 1844 1510 1886 Corn.
1528 1844 1672 1886 Celsus
1687 1843 1744 1894 11,
1759 1853 1875 1894 xvn3

219 1907 361 1949 Siccus
391 1909 501 1950 calor
530 1915 594 1950 est
623 1915 665 1950 et
694 1923 826 1951 arente
856 1909 999 1952 calidae
1029 1916 1072 1952 et
1100 1911 1271 1952 laconici
1302 1917 1345 1953 et
1374 1910 1526 1952 clibani
1546 1916 1590 1951 et
1620 1912 1873 1965 quarundam

219 1974 468 2017 naturalium
513 1976 788 2027 sudationum,
832 1976 900 2019 ubi
937 1991 960 2019 e
987 1983 1100 2020 terra
1126 1979 1319 2032 profusus
1348 1976 1512 2021 calidus
1539 1992 1672 2034 vapor
1700 1977 1877 2036 oedtfleio

221 2041 463 2092 includitur,
492 2043 600 2084 sicut
628 2057 752 2096 super
778 2045 905 2097 BaJas
934 2043 976 2085 in
1006 2044 1195 2086 murtetis
1223 2045 1436 2086 habemus.

329 2144 368 2172 v.
397 2130 492 2173 209.

482 2209 551 2250 Me
580 2222 739 2263 quoque
768 2209 932 2250 vocales
964 2210 1076 2257 lucos
1104 2210 1343 2263 Boeotaque
1372 2215 1510 2262 tempe

480 2286 736 2335 Pulsautem‚
766 2299 857 2327 cum
887 2286 1017 2339 stirpe
1045 2292 1121 2328 tua
1147 2287 1394 2328 descendere
1424 2286 1525 2335 dixi,

478 2363 696 2405 Admisere
724 2364 832 2414 deae3
861 2376 991 2418 neque
1021 2363 1129 2406 enim
1159 2363 1261 2406 mihi
1288 2363 1427 2405 sidera
1454 2368 1617 2404 tantum

478 2440 741 2494 AEquoraque
771 2446 815 2482 et
841 2446 974 2482 terras
1003 2454 1125 2494 quam
1155 2454 1227 2481 vos
1256 2441 1403 2482 debere
1432 2439 1609 2493 parenti,

479 2517 562 2558 Sed
592 2517 715 2558 decus
744 2518 821 2559 hoc
849 2518 1129 2571 quodcumque
1159 2519 1256 2571 lyrae
1286 2517 1522 2571 primusque
1551 2516 1718 2566 dedisti,

479 2593 571 2633 Non
600 2593 767 2645 vulgare
795 2593 907 2647 loqui
936 2599 979 2634 et
1008 2595 1160 2634 famam
1189 2607 1354 2646 sperare
1383 2593 1610 2645 sepulchro.

218 2680 289 2722 Sic
318 2680 490 2730 codices,
519 2679 595 2722 nisi
627 2681 734 2735 quod
762 2680 924 2722 Bocota
950 2681 1113 2731 Baehr.‚
1145 2694 1253 2730 vere,
1283 2687 1331 2722 ut
1358 2681 1536 2730 videtur,
1565 2680 1753 2722 correxit.
1803 2682 1871 2723 Ex

218 2746 283 2787 his
325 2747 609 2795 Marklandus,
652 2760 724 2800 pro
754 2753 914 2787 tantum
942 2746 984 2788 id
1013 2749 1120 2800 quod
1151 2752 1216 2788 est
1243 2747 1363 2796 tanti,
1393 2748 1500 2800 quod
1529 2752 1670 2788 tamen
1699 2760 1779 2788 non
1809 2747 1871 2789 ita

217 2812 490 2854 necessarium
518 2813 694 2863 videtur,
724 2826 795 2867 pro
824 2813 895 2854 sed
923 2818 1061 2854 autem
1092 2820 1136 2854 tu
1164 2826 1376 2866 reponens,
1404 2812 1552 2854 deinde
1584 2818 1679 2866 post
1699 2815 1873 2869 parenti

219 2880 440 2921 maximam
470 2879 773 2922 distinctionem
803 2879 1015 2928 adhibens,
1045 2880 1300 2921 tolerabilem
1330 2880 1478 2921 saltem
1508 2879 1706 2921 orationis
1735 2886 1872 2922 struc-

218 2951 353 2987 turam
389 2946 537 2990 effecit.
595 2947 738 3000 Neque
779 2945 884 2987 enim
914 2945 1062 2986 bonam
1092 2945 1301 2999 appellare
1331 2959 1511 2999 possum,
1541 2958 1665 2998 quum
1697 2952 1740 2987 et
1769 2947 1870 2988 illud

216 3012 325 3053 enim
367 3011 472 3054 satis
515 3014 730 3055 molestum
774 3012 843 3062 sit,
887 3011 983 3053 licet
1021 3010 1082 3053 ita
1111 3011 1242 3065 accipi
1272 3013 1417 3065 possit,
1447 3018 1494 3053 ut
1522 3024 1603 3053 non
1634 3013 1693 3054 rei
1724 3012 1870 3067 ipsius,

216 3080 296 3119 sed.
319 3080 714 3121 commemorationis
744 3080 829 3132 ejus
858 3078 1056 3120 rationem
1086 3080 1246 3127 reddat,
1276 3085 1320 3120 et
1348 3080 1541 3120 Statiano
1572 3079 1673 3120 mori
1705 3093 1870 3132 prorsus

215 3151 427 3199 repugnet,
470 3145 578 3187 inter
620 3146 696 3188 has
739 3147 842 3188 duas
885 3145 1068 3200 parentis
1104 3145 1371 3187 allocutiones
1401 3145 1461 3202 (v,
1491 3144 1573 3188 209
1602 3151 1646 3188 et
1673 3146 1778 3203 213)
1807 3147 1869 3187 sic
