2427 3723
651 367 784 404 Studia
814 366 952 402 critica
979 366 1019 402 in
1045 365 1242 411 Papinium
1271 366 1446 403 Statium.
1882 364 1905 399 9

377 475 538 517 Furata
573 489 646 528 pro
673 476 832 532 furans
860 476 1045 516 sollemni
1073 482 1285 528 poetarum
1314 490 1404 518 usu.
1461 474 1679 516 Alternum
1700 474 1851 529 pedem
1879 474 1906 514 i.

266 556 301 583 e.
330 541 651 595 inaequalitatem
681 542 841 594 pedum.
898 541 961 582 De
989 542 1112 583 verbo
1139 543 1227 596 ipso
1257 544 1308 584 cf.
1339 542 1435 584 Seu.
1466 541 1615 595 Agam.
1645 536 1749 581 972:

526 617 743 667 Germane,
772 619 911 659 vultus
939 625 1053 660 veste
1082 621 1247 661 furabor
1274 626 1380 661 tuos.

375 707 414 736 v.
446 693 509 735 19.

783 770 870 812 Nec
897 771 1071 812 blandus
1100 786 1211 814 amor
1240 786 1314 814 nec
1342 772 1491 815 Gratia
1521 776 1658 813 cessat

526 847 774 900 Amplexum
803 848 941 888 niveos
971 854 1121 901 optatae
1152 851 1332 903 conjugis
1361 855 1477 891 artus

526 924 714 964 Floribus
742 925 963 965 innumeris
994 931 1035 966 et
1063 927 1187 967 olenti
1215 941 1404 980 spargere
1434 927 1583 967 nimbo.

526 1000 589 1041 Tu
618 1001 736 1041 modo
766 1002 898 1041 fronte
927 1014 1053 1050 rosas,
1082 1003 1198 1043 violis
1227 1005 1344 1044 modo
1374 1003 1461 1044 lilia
1489 1003 1622 1044 mixta

524 1077 692 1130 Excipis
722 1082 765 1118 et
792 1077 964 1117 dominae
993 1078 1121 1119 niveis
1151 1092 1176 1119 a
1203 1080 1384 1120 vultibus
1413 1081 1566 1120 obstas.

265 1175 384 1225 Mire,
427 1176 494 1230 qui
538 1178 655 1218 modo
694 1178 903 1230 conjugem
933 1178 1123 1229 amplexu
1152 1183 1288 1219 tenere
1317 1178 1541 1227 dicebatur,
1565 1179 1652 1231 jam
1682 1184 1842 1232 tergum
1872 1178 1910 1219 ei

265 1242 477 1284 obvertere
519 1243 696 1297 fingitur.
753 1244 857 1284 Mire
901 1244 1025 1284 etiam
1068 1244 1218 1292 vultus,
1261 1246 1373 1297 cujus
1415 1246 1532 1286 modo
1569 1244 1630 1300 (v.
1662 1244 1736 1300 12)
1779 1245 1910 1286 dulcis

264 1308 387 1350 rubor
415 1309 676 1359 laudabatur,
705 1310 840 1351 subito
870 1309 1011 1351 niveus
1041 1310 1174 1350 factus
1210 1315 1285 1351 est.
1331 1310 1484 1351 Putida
1511 1311 1655 1352 deinde
1684 1316 1776 1352 tota
1803 1311 1910 1352 ima-

266 1386 335 1427 go:
379 1388 460 1428 qua
504 1376 638 1416 Stella
680 1377 812 1424 flores,
853 1388 953 1429 quos
992 1367 1121 1415 Amor
1150 1380 1192 1416 et
1220 1375 1369 1417 Gratia
1390 1376 1613 1428 jaciebant,
1641 1377 1855 1430 prohibere
1884 1389 1911 1417 a

267 1441 513 1483 Violantilla
552 1442 770 1492 inducitur,
800 1435 1011 1496 tamquam
1041 1443 1142 1483 adeo
1172 1441 1392 1483 delicatulo.
1418 1442 1490 1483 illa
1519 1448 1639 1493 esset,
1668 1448 1716 1484 ut
1744 1457 1795 1485 ne
1823 1443 1913 1485 vio-

267 1507 318 1548 lis
362 1509 523 1562 quidem
567 1521 615 1549 ac
643 1509 745 1549 rosis
774 1508 889 1562 tangi
917 1513 1140 1561 pateretur.
1197 1509 1260 1548 Ne
1290 1509 1438 1549 multa:
1469 1514 1699 1562 corruptum
1729 1522 1819 1550 esse
1847 1514 1914 1550 to-

266 1578 355 1615 tum
397 1575 600 1628 posterius
643 1574 910 1616 hemistichon
954 1588 993 1615 v.
1036 1575 1089 1615 23
1132 1587 1205 1627 pro
1235 1579 1343 1615 certo
1370 1575 1513 1615 habeo.
1570 1575 1679 1622 Quid
1708 1575 1917 1629 scripserit

267 1645 403 1693 poeta,
432 1641 562 1695 magis
591 1642 819 1690 obscurum,
850 1654 987 1694 quum,
1017 1653 1107 1694 quae
1144 1641 1350 1681 sententia
1378 1642 1464 1693 ejus
1501 1641 1635 1690 fuerit,
1663 1655 1685 1682 e
1714 1641 1915 1694 prioribus

267 1707 338 1748 vix
368 1707 500 1762 colligi
529 1708 673 1761 possit.
733 1707 928 1761 Suspicor
957 1712 1097 1748 tamen
1124 1707 1167 1747 in
1195 1706 1304 1748 hunc
1332 1708 1492 1748 modum
1523 1708 1575 1748 ab
1604 1720 1651 1749 eo
1680 1707 1887 1750 relictum:

529 1785 592 1826 Tu
621 1785 740 1827 modo
770 1786 904 1827 fronte
932 1798 1062 1834 rosas,
1090 1785 1208 1826 violis
1238 1785 1355 1825 modo
1384 1784 1471 1825 lilia
1499 1785 1630 1826 mixta

529 1846 698 1916 Excipis
727 1869 770 1904 et
798 1864 985 1912 dominae,
1020 1862 1167 1904 Veneri
1193 1862 1303 1903 velut
1330 1862 1477 1912 Euius,
1504 1864 1656 1905 adstas.

377 1954 417 1982 v.
448 1940 540 1983 121.

528 2018 636 2060 Huic
665 2018 850 2073 quamvis
880 2031 1025 2060 census
1053 2017 1233 2059 dederim
1264 2018 1413 2072 largita
1440 2019 1598 2069 beatos,

532 2096 676 2137 Vincit
703 2109 801 2150 opes
830 2096 978 2138 animo.
1037 2095 1255 2143 Querimur
1278 2096 1365 2150 Jam
1395 2096 1520 2139 Seras
1551 2109 1698 2139 avaros

530 2172 764 2227 Angustam
794 2173 993 2227 spoliasse
1022 2175 1187 2215 domum
1216 2179 1314 2215 cett.

381 2271 451 2313 Sic
492 2272 681 2313 Handius
724 2272 878 2325 primus
908 2272 1048 2314 edidit.
1105 2272 1219 2314 Ante
1248 2285 1339 2314 eum
1369 2272 1554 2329 queritur
1581 2271 1794 2325 legebatur
1820 2283 1918 2325 pes-

272 2337 374 2379 simo
417 2351 553 2387 sensu,
596 2338 632 2379 si
675 2339 837 2392 quidem
880 2339 942 2380 ita
984 2339 1084 2380 nihil
1114 2339 1191 2380 nisi
1221 2340 1341 2380 luxus
1372 2345 1413 2380 et
1442 2339 1638 2380 emacitas
1665 2337 1918 2378 Violantilloe

272 2404 532 2445 laudabatur.
591 2404 674 2446 Sed
704 2406 881 2446 nondum
911 2411 1156 2459 persanatus
1186 2406 1284 2447 mihi
1314 2406 1425 2447 locus
1453 2405 1626 2446 videtur.
1672 2402 1781 2450 Quid
1810 2403 1917 2445 enim

272 2471 439 2512 tandem
483 2471 715 2525 significant
741 2472 815 2513 illa
851 2469 999 2513 ”vincit
1027 2485 1125 2526 opes
1155 2469 1337 2514 animo⁷'?
1393 2471 1505 2513 Nihil
1532 2470 1705 2519 invenio,
1734 2469 1812 2510 nisi
1839 2470 1917 2512 hoc

272 2537 378 2578 dixit
420 2543 556 2590 poeta,
586 2539 711 2579 animi
746 2539 863 2580 bonis
899 2553 990 2580 eam
1020 2540 1144 2580 etiam
1175 2541 1346 2580 fortunae
1375 2537 1683 2591 amplitudinem
1711 2549 1915 2589 superare.

273 2603 319 2646 Si
348 2603 425 2645 hoc
452 2604 596 2654 voluit,
624 2618 757 2646 nonne
786 2606 931 2647 mirum
962 2611 1026 2647 est
1053 2605 1128 2655 ita,
1158 2611 1206 2647 ut
1233 2605 1345 2654 facit,
1361 2603 1553 2658 pergere?
1587 2603 1730 2644 Nonne
1746 2614 1918 2655 exspec-

272 2675 349 2719 ωε,
379 2675 426 2711 ut
461 2671 549 2723 jam
594 2671 793 2725 adjungat
834 2672 990 2726 aliquid
1018 2673 1068 2713 de
1096 2672 1188 2713 istis
1218 2671 1341 2712 animi
1368 2670 1603 2718 virtutibus,
1632 2669 1684 2709 ad
1713 2680 1814 2721 quas
1842 2669 1917 2709 de-

273 2737 363 2777 dita
404 2749 529 2789 opera
571 2738 791 2779 munivisse
829 2738 907 2779 sibi
950 2739 1167 2779 transitum
1206 2738 1378 2785 videtur,
1408 2735 1596 2789 quoniam
1626 2735 1676 2774 de
1703 2734 1754 2774 iis
1783 2734 1919 2775 adhuc

275 2816 325 2844 ne
368 2803 536 2844 verbum
581 2803 743 2856 quidem
773 2804 885 2853 fecit,
913 2804 954 2845 in
985 2805 1126 2845 formae
1154 2808 1313 2844 tautum
1342 2802 1462 2842 laude
1491 2796 1706 2841 versatus?
1762 2799 1919 2841 Contra

272 2869 475 2911 Venerem
503 2870 662 2910 inducit
690 2871 740 2911 de
769 2868 1101 2924 bombycinorum
1130 2869 1380 2920 aliarumque
1408 2879 1554 2914 rerum,
1570 2878 1659 2919 quae
1688 2866 1740 2906 ad
1770 2866 1919 2907 mulie-

273 2935 387 2977 brem
434 2935 587 2977 cultum
633 2936 855 2989 pertinent,
886 2937 1097 2978 deficiente
1127 2934 1240 2988 copia
1270 2937 1602 2987 conquerentem:
1634 2944 1724 2985 quae
1754 2931 1918 2985 quidem

274 3003 452 3057 querela,
483 3004 681 3057 quomodo
711 3017 802 3045 cum
830 3003 895 3054 iis,
926 3017 1014 3057 quae
1043 3001 1302 3049 antecedunt,
1331 2999 1538 3041 commode
1565 2998 1755 3053 conjungi
1772 2999 1919 3052 possit,

273 3082 351 3110 non
382 3070 512 3110 video.
556 3069 621 3110 Ac
649 3076 760 3111 recte
790 3071 951 3124 quidem
980 3069 1108 3109 oratio
1137 3081 1180 3108 se
1209 3067 1393 3115 haberet,
1422 3066 1457 3106 si
1485 3079 1557 3118 pro
1588 3065 1730 3106 animo
1746 3062 1921 3107 ”forma”

274 3136 531 3184 scriberetur,
561 3141 608 3176 ut
636 3137 844 3177 sententia
872 3140 998 3177 esset:
1028 3131 1269 3185 ”majoribus
1283 3138 1421 3173 tamen
1438 3132 1583 3184 opibus
1604 3132 1770 3184 dignam
1790 3132 1922 3172 forma
