2413 3760
720 364 850 401 Studia
877 364 1016 400 Oritica
1042 365 1082 400 in
1111 364 1306 410 Papinium
1337 365 1510 401 Statium.
1902 368 1952 403 27

311 479 391 519 Pro
435 476 651 530 magnifica
691 476 765 516 illa
806 488 904 516 voce
948 475 1189 525 Menandri,
1232 489 1321 531 quae
1350 477 1505 518 nullum
1533 476 1600 517 hic
1627 489 1788 520 sensum
1816 480 1955 529 habet,

310 544 493 596 paullum
522 543 642 582 abest
670 543 766 596 quin
795 542 978 595 suspicer
1005 540 1244 594 simpliciter
1271 557 1452 584 meorum
1480 543 1506 583 i.
1524 557 1558 583 e.
1576 544 1828 596 popularium
1845 560 1956 586 meo·

306 621 395 649 rum
424 607 607 650 Statium
636 608 859 662 scripsisse.

410 694 502 736 Lib.
530 694 609 744 IV,
639 695 677 744 1,
703 693 745 738 8.

1093 773 1266 816 Subiere
1296 774 1391 815 novi
1421 773 1582 827 palatia
1609 775 1743 815 fasces

562 849 620 891 Et
647 850 825 905 requiem
855 850 919 891 bis
947 855 1090 892 sextus
1117 850 1245 892 honos
1274 850 1543 904 precibusque
1571 850 1747 903 receptis

561 926 687 971 Curia
715 928 946 971 Caesareum
974 928 1126 983 gaudet
1153 927 1299 970 vicisse
1328 929 1536 982 pudorem.

304 1017 570 1058 Consulatum
622 1016 686 1058 bis
736 1023 893 1058 sextum
938 1016 1128 1059 honorem
1171 1017 1371 1069 appellari
1417 1030 1536 1070 posse
1579 1018 1738 1059 tamdiu
1782 1019 1954 1072 negabo,

303 1085 495 1138 quamdiu
524 1084 680 1126 nullum
709 1078 1073 1145 hujus‘locutionis
1102 1083 1307 1137 prolatum
1338 1083 1417 1125 erit
1446 1084 1690 1138 exemplum.
1749 1084 1952 1128 Consula-

303 1156 372 1192 tus
414 1155 553 1192 autem
595 1150 775 1204 requiem
818 1163 862 1190 se
904 1149 1050 1191 vicisse
1079 1150 1256 1204 gaudere
1285 1162 1364 1203 quo
1393 1163 1515 1191 sensu
1544 1150 1719 1199 dicatur,
1749 1151 1827 1192 nisi
1856 1163 1951 1204 per-

302 1230 423 1258 versa
464 1216 695 1258 subtilitate
738 1216 920 1269 expediri
956 1229 1035 1257 non
1078 1221 1228 1270 potest.
1302 1216 1550 1257 Persuasum
1580 1216 1712 1258 habeo
1741 1217 1848 1259 hanc
1876 1231 1949 1258 ve-

302 1296 390 1325 ram
420 1295 508 1325 esse
537 1281 666 1325 Statii
694 1281 958 1336 scripturam:

1078 1358 1250 1401 Subiere
1278 1359 1373 1400 novi
1402 1359 1562 1412 palatia
1589 1360 1736 1410 fasces,

559 1437 632 1479 Ad
659 1437 847 1492 quintum
876 1437 939 1477 bis
968 1442 1111 1478 sextus
1138 1437 1280 1486 honos,
1308 1436 1576 1490 precibusque
1604 1438 1782 1490 receptis

558 1514 684 1557 Curia
712 1514 941 1555 Caesareum
971 1514 1124 1567 gaudet
1151 1514 1297 1554 vicisse
1325 1514 1533 1566 pudorem.

298 1605 442 1659 Neque
470 1604 565 1645 huic
594 1604 834 1656 conjecturae
862 1604 1106 1656 refragatur,
1135 1603 1242 1656 quod
1270 1602 1333 1642 ita
1361 1615 1524 1643 carmen
1553 1616 1722 1645 exorsus
1750 1608 1835 1643 est:

557 1681 677 1722 Laeta
703 1679 767 1721 bis
796 1680 953 1723 octonis
981 1679 1141 1723 accedit
1167 1692 1350 1733 purpura
1377 1679 1499 1721 fastis

558 1757 747 1802 Caesaris.

296 1849 400 1890 Post
440 1848 548 1890 hunc
590 1846 697 1888 enim
739 1858 900 1887 versum
930 1846 1148 1899 septimum
1177 1845 1378 1886 decimum
1406 1845 1598 1886 bonorem
1628 1845 1837 1900 appellare
1865 1858 1946 1886 non

298 1915 428 1968 magis
469 1914 655 1967 ineptum
692 1913 771 1953 erit
813 1918 887 1953 aut
929 1913 1143 1953 abundans
1185 1925 1308 1965 quam
1343 1912 1379 1952 si
1407 1924 1491 1952 una
1517 1913 1726 1954 sententia
1753 1911 1946 1953 dixisset:

292 1982 379 2035 J’am
409 1980 585 2022 sedecim
616 1978 791 2022 Caesaris
821 1979 1100 2020 consulatibus
1129 1978 1328 2032 septimus
1357 1977 1538 2020 decimus
1553 1979 1724 2021 accedit.
1740 2002 1795 2009 —
1811 1977 1947 2031 Quin-

297 2054 383 2088 tum
412 2059 536 2101 quum
567 2045 733 2087 librario
769 2045 943 2101 quietem
970 2045 1103 2086 visum
1132 2049 1256 2093 esset,
1284 2044 1361 2086 hoc
1389 2045 1510 2086 metri
1539 2058 1666 2087 causa
1692 2046 1735 2087 in
1764 2045 1946 2100 requiem

294 2113 484 2156 mutavit.

403 2216 443 2243 v.
471 2201 539 2243 23.

555 2277 750 2333 Adspicis
779 2283 825 2320 ut
853 2278 1019 2332 templis
1048 2278 1154 2320 alius
1183 2277 1305 2328 nitor,
1334 2278 1456 2320 altior
1484 2279 1566 2320 aris

555 2357 668 2410 Ignis
697 2361 739 2398 et
767 2357 859 2410 ipsa
887 2368 986 2397 meae
1014 2362 1186 2410 tepeant
1213 2347 1290 2397 tibi
1319 2356 1455 2397 sidera
1482 2357 1663 2398 brumae?

552 2433 736 2475 Moribus
766 2439 891 2488 atque
918 2434 1003 2475 tuis
1032 2434 1214 2487 gaudent
1241 2439 1466 2487 turmaeque
1494 2435 1705 2488 tribusque

553 2511 833 2565 Purpureique
861 2516 1003 2564 patres
1031 2511 1242 2565 lucemque
1270 2523 1297 2551 a
1325 2510 1488 2553 consule
1518 2511 1631 2553 ducit

551 2586 696 2630 Omnis
723 2586 864 2629 honos.

295 2675 563 2718 Scribendum
593 2681 678 2718 est:

555 2754 749 2809 Adspicis
778 2761 825 2796 ut
852 2755 1018 2809 templis
1047 2755 1152 2796 alius
1181 2754 1301 2803 nitor,
1330 2753 1452 2795 altior
1480 2754 1562 2795 aris

555 2833 666 2886 Ignis
696 2838 738 2875 et
765 2832 858 2885 ipsa
884 2845 984 2874 meae
1013 2837 1185 2886 tepeant
1212 2832 1288 2873 tibi
1317 2831 1454 2873 sidera
1481 2832 1648 2881 brumae,

557 2910 768 2954 Mensibus
796 2924 911 2966 aequa
940 2909 1052 2951 tuis?
1107 2909 1303 2953 Gaudent
1329 2914 1554 2965 turmaeque
1582 2910 1796 2966 tribusque
1825 2916 1923 2953 cett.

295 2999 522 3042 Domitiani
565 3011 725 3042 menses
768 2997 952 3053 appellat
994 3010 1077 3048 eos,
1123 2997 1192 3052 qui
1235 2997 1322 3051 ejus
1352 2997 1513 3040 nomine
1542 2998 1642 3040 dicti
1673 3005 1806 3049 erant,
1835 2999 1942 3054 Sep-

294 3067 493 3108 tembrem
553 3072 596 3108 et
637 3067 869 3108 Octobrem.
955 3064 1156 3106 Similiter
1201 3065 1328 3105 Mart.
1372 3066 1451 3115 IX,
1496 3066 1561 3107 11.
1633 3063 1763 3109 ”Dum
1806 3067 1937 3108 Jauus

290 3132 459 3188 hiemes,
489 3133 752 3179 Domitianus
780 3138 1010 3183 autumnos,
1046 3130 1261 3189 Augustus
1289 3132 1409 3178 annis
1439 3134 1715 3181 commodabit
1733 3129 1935 3182 aestates!
