2390 3721
659 409 790 446 Studia
817 409 956 446 Critica
985 410 1025 444 in
1053 408 1251 453 Papinium
1278 408 1452 444 Stauum.
1871 407 1894 441 3

426 650 479 690 22
653 578 682 629 Ι.
751 579 913 644 Equus
950 581 1185 634 maximus
1214 580 1490 633 Domitiani.

356 662 395 690 v.
483 680 492 690 .

875 716 982 756 Hinc
1010 718 1130 759 obvia
1158 718 1299 758 limina
1326 717 1487 770 pandit,

507 792 587 838 Qui
618 793 751 832 fessus
780 793 899 832 bellis
929 794 1096 834 adscitae
1125 807 1287 834 munere
1317 795 1444 846 prolis

507 868 671 909 Primus
700 868 780 909 iter
809 868 960 910 nostris
989 870 1169 911 ostendit
1196 870 1237 911 in
1266 870 1420 912 aethera
1448 870 1566 912 divis.

354 945 500 998 Inepte
535 944 699 1002 fessum
743 944 859 986 bellis
903 946 948 986 C.
986 945 1141 986 Julium
1172 946 1373 987 Caesarem
1403 948 1482 988 dici
1512 948 1565 987 ab
1595 945 1784 986 omnibus
1813 945 1902 984 sani

237 1010 382 1063 judicii
424 1011 717 1064 interpretibus
763 1011 1011 1053 conceditur.
1068 1011 1151 1053 Sed
1181 1012 1318 1061 etiam,
1348 1026 1435 1067 quae
1464 1017 1704 1066 sequuntur,
1734 1016 1783 1052 ut
1811 1023 1903 1051 mea

245 1077 405 1131 quidem
437 1078 573 1131 opinio
604 1079 697 1126 fert,
729 1091 873 1131 parum
905 1078 1114 1119 commode
1144 1091 1187 1118 se
1216 1078 1381 1120 habent.
1437 1080 1544 1120 Nam
1575 1084 1618 1120 et
1644 1078 1749 1120 illud
1767 1077 1898 1118 offen-

243 1144 317 1192 dit,
348 1145 455 1197 quod
484 1144 664 1198 Augusti
693 1144 950 1197 potissimum
981 1157 1128 1185 munus
1158 1149 1199 1184 et
1227 1145 1463 1186 beneficium
1493 1146 1535 1186 in
1566 1146 1653 1198 ejus
1684 1156 1900 1185 consecra-

244 1210 355 1251 tione
386 1215 736 1259 commemoratur,
767 1211 849 1264 qui,
879 1216 927 1251 ut
955 1211 1144 1252 Suetonii
1173 1211 1307 1251 verbis
1336 1216 1441 1260 utar,
1470 1225 1549 1252 non
1565 1218 1651 1252 tam
1671 1224 1739 1252 ore
1755 1212 1899 1252 decer-

246 1276 443 1326 nentium,
487 1289 609 1331 quam
653 1277 763 1331 vulgi
807 1276 1072 1330 persuasione
1100 1276 1142 1317 in
1172 1277 1337 1317 deorum
1366 1290 1575 1319 nnmerum
1603 1277 1761 1319 relatus
1790 1282 1901 1327 erat;

246 1348 300 1391 et,
344 1344 379 1383 si
422 1344 549 1384 verba
577 1344 745 1383 adscitoe
772 1357 938 1384 munere
959 1342 1099 1398 prolis
1129 1356 1218 1383 cum
1249 1344 1526 1396 sequentibus,
1556 1350 1603 1384 ut
1630 1345 1672 1384 in
1702 1344 1780 1383 hac
1808 1343 1899 1396 qui—

244 1410 336 1451 dem
379 1409 585 1463 scriptura
627 1410 901 1451 necessarium
946 1415 1023 1458 est,
1069 1409 1363 1462 conjungimus,
1405 1423 1484 1451 non
1513 1411 1632 1451 modo
1661 1409 1900 1463 productius

244 1476 470 1517 membrum
501 1481 543 1517 et
572 1476 731 1517 tardius
761 1488 883 1530 quam
913 1488 985 1529 pro
1024 1475 1222 1517 Statiano.
1251 1476 1539 1517 consuetudine
1568 1475 1722 1525 existit,
1752 1476 1824 1516 sed
1854 1488 1900 1516 e-

247 1543 349 1583 tiam
380 1543 596 1584 sententiae
630 1543 760 1595 ipsius
789 1544 852 1583 vis
882 1549 925 1584 et
954 1543 1161 1596 elegantia
1191 1543 1483 1595 corrumpitur3
1513 1543 1715 1596 quoniam,
1745 1543 1780 1583 si
1810 1542 1900 1595 quis

245 1609 298 1649 ab
343 1609 422 1649 alio
466 1609 614 1650 missus
650 1609 692 1649 in
723 1609 879 1650 coelum
909 1608 1106 1657 escendit,
1137 1622 1215 1649 non
1246 1608 1377 1662 magis
1405 1609 1492 1661 ipse
1522 1621 1640 1662 quam
1672 1608 1739 1662 qui
1770 1608 1900 1649 mittit

245 1675 400 1727 primus
445 1675 761 1716 consecrationis
806 1675 1038 1728 exemplum
1082 1675 1265 1716 imbuere
1309 1674 1389 1715 dici
1418 1680 1567 1727 potest.
1625 1674 1897 1720 Quamobrem

245 1741 399 1782 nullam
431 1741 617 1795 equidem
647 1742 861 1783 verborum
883 1740 1027 1798 fessus
1056 1739 1174 1782 bellis
1204 1741 1530 1782 emendationem
1558 1753 1696 1782 veram
1725 1740 1899 1789 habebo,

245 1808 323 1848 nisi
367 1820 449 1860 qua
492 1808 705 1856 efficietur,
750 1813 798 1847 ut
825 1808 898 1847 illa
927 1807 1095 1847 adscitoe
1124 1821 1290 1847 munere
1310 1806 1450 1862 prolis
1480 1820 1558 1847 non
1590 1808 1642 1847 ad
1671 1807 1899 1859 sequentia,

243 1874 315 1915 sed
345 1874 398 1915 ad
428 1873 565 1927 priora
592 1874 837 1914 referantur.
898 1872 1098 1926 Conjicio:

1028 1950 1136 1997 Hinc
1165 1950 1287 1990 obvia
1315 1950 1457 1990 limina
1485 1950 1642 2002 pandit,

506 2029 587 2076 Qui
616 2030 730 2070 visus
751 2027 927 2084 populis
956 2027 1127 2079 adscitae
1157 2040 1323 2068 munere
1352 2027 1478 2080 prolis

504 2106 668 2147 Primus
697 2106 778 2147 iter
806 2104 957 2147 nostris
986 2105 1170 2146 ostendit
1199 2105 1251 2145 ad
1282 2104 1436 2145 aethera
1465 2104 1582 2145 divis.

245 2195 459 2249 Significat
505 2199 630 2248 poeta
671 2193 835 2234 stellam
879 2193 1008 2242 illam,
1055 2205 1144 2246 quae
1181 2192 1301 2240 ludis,
1331 2205 1431 2245 quos
1461 2191 1613 2233 Caesari
1643 2196 1899 2232 consecratos

242 2262 361 2303 heres
390 2262 605 2316 Augustus
637 2260 803 2308 edebat,
833 2259 1260 2324 apparuityvulgoque
1290 2259 1464 2301 Caesaris
1492 2259 1533 2299 in
1564 2258 1717 2299 coelum
1746 2256 1901 2310 recepti

245 2329 384 2370 anima
412 2342 501 2370 esse
532 2328 689 2370 credita
719 2332 794 2368 est.
852 2327 970 2368 Suet.
999 2326 1137 2368 Julius
1167 2327 1320 2375 Caesar,
1348 2325 1637 2367 LXXXVIII.

355 2420 394 2447 v.
425 2406 492 2447 25.

503 2483 687 2524 Discitur
715 2496 737 2523 e
766 2482 898 2530 vultu,
928 2486 1125 2535 quantum
1151 2486 1202 2521 ‘tu
1233 2480 1369 2521 mitior
1396 2479 1540 2527 armis;

507 2559 589 2607 Qui
624 2573 700 2601 nec
727 2559 770 2601 in
800 2564 991 2601 externos
1021 2558 1155 2600 facilis
1183 2558 1325 2599 saevire
1354 2557 1507 2597 furores

504 2638 593 2677 Das
623 2636 759 2678 Cattis
788 2636 994 2689 Dacisque
1023 2637 1157 2676 fidem.

246 2718 394 2757 Potest
422 2727 473 2756 ex
501 2713 620 2754 vultu
649 2712 821 2765 alicujus
852 2712 966 2761 disci,
983 2717 1137 2766 quanto
1165 2712 1201 2752 is
1230 2710 1308 2751 alio
1329 2708 1464 2749 mitior
1491 2707 1566 2756 sit;
1586 2720 1725 2749 verum
1746 2714 1902 2761 quanto

246 2782 383 2824 mitior
412 2780 551 2829 armis,
579 2780 697 2821 vultu
727 2779 796 2834 qui
825 2779 997 2820 indicari
1026 2778 1192 2833 potest?
1247 2774 1514 2818 Scribendum
1545 2779 1628 2815 est:

506 2858 691 2900 Discitur
720 2870 741 2898 e
771 2856 904 2906 titulo,
934 2861 1133 2911 quantum
1163 2860 1210 2895 tu
1238 2852 1375 2894 mitior
1403 2851 1549 2900 armis;

507 2935 589 2982 Qui
619 2949 694 2977 nec
722 2935 763 2977 in
793 2940 984 2977 externos
1012 2933 1144 2975 facilis
1172 2931 1313 2972 saevire
1343 2930 1499 2970 furores

507 3013 595 3053 Das
626 3012 763 3054 Cattis
792 3012 999 3065 Dacisque
1028 3011 1160 3051 fidem.

245 3092 447 3134 Nimirum
476 3090 553 3131 hoc
581 3089 735 3143 ipsum:
767 3089 902 3130 Cattis
930 3087 1133 3139 Dacisque
1161 3084 1442 3125 Domitianum
1472 3098 1616 3138 pacem
1638 3087 1902 3129 concessisse:

244 3174 317 3213 pro
346 3159 468 3199 titulo
497 3156 540 3197 in
569 3157 660 3197 basi
689 3156 823 3208 operis
852 3160 942 3196 erat
969 3152 1230 3204 inscriptum
1259 3156 1302 3192 et
1330 3152 1561 3194 enuntiatio
1590 3154 1783 3204 relativa,
1813 3167 1902 3208 quae
