2382 3768
448 422 514 451 vm
1096 415 1135 452 C.
1167 417 1206 453 E.
1235 416 1462 454 Sandstrom.

450 528 690 582 plerumque
736 530 901 571 minime
945 531 1146 572 sollicitus
1175 536 1298 572 esset.
1357 531 1485 584 CuJus
1515 532 1677 585 quidem
1706 531 1859 573 infelici
1889 530 2111 572 sedulitate

452 596 797 647 quemadmodum
842 610 921 637 non
964 598 1026 637 ita
1067 609 1159 637 raro
1189 610 1262 649 pro
1292 610 1371 638 uno
1401 599 1509 650 quod
1539 603 1629 638 erat
1657 597 1758 638 vitio
1787 599 1867 639 duo
1896 597 1961 637 vel
1991 596 2110 649 plura

451 660 618 702 invecta
655 662 752 711 sint,
789 663 867 704 hoc
895 663 1046 716 optime
1076 662 1303 703 illustrabit
1333 663 1583 715 exemplum:
1614 676 1693 717 quo
1722 663 1856 716 posito
1886 664 1938 704 ad
1968 662 2110 715 dispu-

449 727 651 769 tationem
680 729 812 782 ipsam
842 729 1024 782 legentes
1053 728 1273 768 dimittam.
1324 728 1427 768 Silv.
1457 729 1513 777 II,
1542 739 1589 777 11,
1619 743 1657 769 v·
1688 728 1742 770 93
1770 729 1833 770 ita
1860 729 1902 770 in
1923 728 2110 769 omnibus

451 794 658 837 codicibus
689 794 933 849 concipitur:

711 873 790 912 Hic
818 873 1048 913 Nomadum
1080 872 1218 911 lucent
1247 872 1444 911 flaventia
1477 885 1582 911 saxa
1616 870 1847 926 Thasosque

713 950 769 990 Et
799 949 921 991 Chios
951 955 994 990 et
1022 950 1204 1002 gaudens
1233 948 1381 989 fluctus
1411 953 1598 1001 spectare
1629 948 1838 1003 Carystos.

451 1026 533 1067 Ubi
577 1039 706 1078 neque
750 1026 799 1065 de
836 1024 1043 1066 sententia
1071 1024 1239 1065 dubium
1271 1029 1336 1065 est
1364 1048 1419 1054 —
1448 1025 1668 1066 manifesto
1708 1025 1814 1066 enim
1845 1025 1954 1066 color
1981 1026 2109 1066 mari-

450 1105 526 1131 nus
571 1092 772 1144 Carystici
816 1090 1027 1130 marmoris
1071 1090 1338 1143 significatur,
1375 1092 1716 1143 quemadmodum
1747 1091 1827 1131 alio
1857 1091 1945 1132 loco
1974 1090 2041 1146 (S.
2071 1092 2106 1138 Ι,

453 1157 505 1204 V,
549 1156 622 1209 34)
667 1157 867 1197 undosam
907 1155 1121 1210 caryston,
1151 1156 1231 1197 alio
1261 1155 1328 1210 (S.
1358 1157 1435 1204 IV,
1465 1166 1511 1205 11,
1540 1155 1616 1212 28)
1641 1155 1800 1211 ylaucae
1826 1155 1990 1198 Doridi
2018 1171 2106 1198 cer-

451 1223 584 1262 tantia
626 1237 730 1263 saa-a
759 1222 945 1275 appellat
987 1247 1040 1252 —
1071 1236 1200 1275 neque
1246 1223 1352 1274 quod
1399 1236 1505 1263 nunc
1535 1222 1685 1276 legitur
1715 1229 1898 1279 spectare
1925 1247 1979 1253 —
2008 1236 2109 1276 pace

446 1288 605 1328 Imhofii
649 1288 821 1328 dixerim
868 1311 922 1317 —
964 1289 1046 1328 ullo
1085 1294 1207 1340 pacto
1237 1288 1401 1328 defendi
1431 1293 1581 1340 potest.
1641 1288 1743 1335 Quae
1771 1302 1867 1330 vero
1896 1289 2109 1342 proposuit

447 1353 690 1402 Salmasius,
709 1353 848 1410 fluctu
877 1361 1033 1395 certare
1061 1354 1125 1395 vel
1146 1352 1308 1411 fluctus
1337 1368 1512 1409 oequare,
1542 1367 1678 1396 eorum
1709 1360 1756 1396 ut
1774 1359 1991 1409 utrumque
2011 1368 2106 1396 sen-

444 1420 584 1460 tentiae
613 1425 770 1472 aptum,
799 1421 862 1461 ita
890 1426 1079 1461 neutrum
1110 1434 1136 1460 a
1165 1420 1395 1461 litterarum
1426 1420 1616 1462 ductibus
1646 1421 1857 1473 probabile
1887 1427 1963 1462 est.
2019 1420 2106 1462 At-

444 1485 512 1539 qui
541 1491 690 1539 praeter
717 1486 805 1527 haec
834 1487 913 1527 duo
944 1511 997 1516 —
1027 1486 1062 1527 si
1093 1486 1212 1527 modo
1250 1490 1387 1527 cetera
1415 1491 1526 1527 recte
1555 1499 1599 1527 se
1629 1486 1780 1528 habere
1810 1499 2021 1528 censemus
2049 1510 2103 1517 —

444 1552 550 1605 quod
596 1557 693 1604 apte
736 1552 899 1592 restitui
943 1552 1076 1604 possit
1118 1552 1218 1592 nihil
1252 1552 1294 1591 in
1338 1556 1430 1592 tota
1458 1552 1668 1593 latinitate
1697 1558 1861 1593 exstare
1892 1554 2103 1594 contendo.

443 1619 511 1658 Ita
552 1619 593 1658 in
638 1625 880 1670 perpetuum
924 1619 1033 1659 inter
1076 1623 1219 1670 aperte
1249 1617 1486 1659 mendosam
1515 1618 1727 1671 vulgatam
1756 1623 1800 1660 et
1828 1618 2102 1672 conjecturam

440 1688 582 1737 aperte
625 1682 936 1738 improbabilem
986 1683 1064 1725 erit
1112 1683 1343 1724 errandum.
1401 1682 1464 1723 At
1506 1682 1541 1724 si
1584 1683 1647 1723 ita
1675 1684 1728 1724 ab
1757 1683 1875 1725 initio
1905 1684 2102 1738 scriptum

441 1751 568 1790 fuisse
598 1751 841 1791 statuimus:

705 1828 762 1868 Et
791 1827 915 1869 Chios
946 1833 988 1868 et
1014 1827 1186 1882 ylaucos
1215 1828 1365 1868 fluctus
1395 1827 1558 1868 victura
1588 1827 1799 1881 Carystos,

444 1904 606 1957 gravior
636 1904 799 1957 quidem
830 1904 909 1945 erit
938 1904 1128 1954 mutatio,
1158 1918 1237 1945 non
1269 1909 1408 1945 tamen
1438 1903 1525 1945 sine
1554 1903 1713 1944 ratione
1734 1908 1776 1944 et
1799 1903 2104 1957 probabilitate.

439 1971 547 2009 Nam
578 1970 739 2009 victura
767 1985 787 2009 s
816 1971 958 2010 littera
987 1984 1037 2010 ex
1067 1972 1322 2023 praecedente
1351 1983 1450 2011 voce
1479 1971 1675 2011 adsumta
1702 1970 1743 2010 in
1773 1977 1958 2025 spectare
1982 1976 2100 2013 tran-

442 2036 521 2077 sire
566 2035 686 2077 facile
729 2036 889 2089 potuit:
937 2042 1024 2077 tum
1071 2037 1260 2078 librarius
1289 2036 1373 2086 ille,
1403 2049 1527 2090 quum
1556 2036 1618 2077 ita
1646 2035 1843 2090 scriptum
1874 2036 2101 2078 invenisset

438 2101 773 2159 ylaucosfluctus
788 2110 983 2158 spectare,
1000 2109 1047 2144 ut
1060 2103 1286 2144 infinitivus
1303 2117 1381 2156 quo
1411 2103 1631 2144 referretur
1645 2103 1829 2152 haberet,
1845 2116 1918 2156 pro
1930 2103 2100 2159 glaucos

441 2170 482 2210 id
513 2170 620 2223 quod
651 2175 716 2209 est
741 2169 929 2224 ‚qa-adens
958 2170 1188 2210 substituit.
1233 2169 1373 2223 Atque
1404 2170 1510 2222 quod
1540 2169 1606 2210 hic
1624 2169 1823 2218 videmus,
1838 2169 2099 2212 interveram

439 2236 683 2288 scripturam
708 2234 917 2290 (ylaucos)
934 2241 977 2276 et
990 2236 1280 2288 interpolatam
1302 2234 1526 2290 (qaudens)
1543 2235 1773 2277 litterarum
1790 2236 1968 2289 aliquam
1984 2237 2099 2278 simi-

439 2302 654 2343 litudinem
684 2302 951 2351 intercedere,
980 2302 1022 2343 id
1050 2302 1092 2343 in
1124 2301 1270 2343 ceteris
1301 2314 1459 2355 quoque
1489 2301 1601 2351 locis,
1631 2301 1701 2343 ubi
1731 2302 1912 2355 ejusdem
1943 2316 2100 2345 correc-

438 2369 539 2409 toris
569 2381 716 2408 manus
756 2369 1088 2421 deprehenditur,
1118 2368 1391 2409 animadverti
1422 2368 1530 2409 licet.
1559 2391 1614 2398 ——
1641 2368 1850 2409 Praeterea
1891 2370 1942 2410 de
1970 2371 2102 2411 forma

435 2435 549 2476 verbi
578 2435 740 2476 victura
770 2436 1018 2476 conferenda
1046 2440 1157 2484 sunt,
1190 2447 1279 2488 quae
1309 2434 1359 2475 de
1389 2447 1465 2475 usu
1495 2433 1700 2487 participii
1731 2434 1857 2475 futuri
1887 2436 1939 2476 ad
1969 2435 2013 2478 S.
2043 2436 2099 2486 ΙΙ,

432 2513 478 2551 11,
508 2501 535 2541 9
564 2501 787 2554 disputavi.
