2427 3723
545 334 568 369 8
1195 333 1234 370 Ο.
1265 332 1307 370 Ε.
1336 330 1563 370 Sandstrom.

543 446 755 500 scopulum
801 447 955 502 effugit.
1011 446 1120 487 Nam
1164 446 1271 499 quod
1314 447 1451 486 futuro
1489 444 1693 498 participii
1719 443 1920 500 qestiendi
1949 448 1992 483 et
2020 441 2198 483 conandi

543 513 750 554 notionem
788 515 922 555 inesse
962 512 1185 561 contendit,
1220 513 1276 562 id,
1306 517 1353 552 ut
1381 511 1542 553 omnino
1572 511 1735 564 probari
1763 510 1907 565 possit,
1937 508 2198 550 vehementer

542 593 705 621 vereor:
737 586 846 622 certe
862 594 956 621 'non
987 593 1038 620 ex
1065 579 1129 628 iis,
1160 592 1248 632 quae
1278 578 1434 626 attulit,
1464 577 1661 630 exemplis
1691 578 1877 619 efficitur.
1936 575 2061 618 Ceras
2089 575 2194 616 enim

544 644 756 687 locuturas
784 646 908 702 (Silv.
939 646 1015 694 IV,
1044 646 1083 693 5,
1113 644 1188 700 21)
1225 658 1303 684 non
1335 657 1380 684 eo
1412 656 1533 684 sensu
1562 643 1725 684 Statius
1756 643 1868 691 dicit,
1897 648 1944 682 ut
1971 642 2022 682 iis
2050 642 2196 682 volun-

543 717 675 753 tatem
720 713 910 766 loquendi
954 712 1169 759 attribuat,
1212 710 1284 750 sed
1328 714 1375 749 ut
1410 713 1687 761 potestatem:
1718 705 2057 762 quemadmodum
2085 707 2195 748 haud

543 778 823 832 infrequenter
857 779 934 820 hoc
963 776 1167 830 participii
1197 781 1359 828 tempus
1388 775 1520 827 poetis
1549 774 1725 826 ponitur.
1769 774 1839 816 Sic
1862 774 1949 826 jam
1979 773 2196 814 Horatius:

1329 850 1365 894 O
1395 850 1519 892 mutis
1549 863 1707 905 quoque
1736 850 1916 904 piscibus

804 932 1020 973 Donatura
1049 929 1176 984 cycni,
1205 929 1240 969 si
1269 929 1410 976 libeat,
1439 940 1594 968 sonum.
1652 925 1811 982 (Carm.
1841 927 1918 975 IV,
1936 925 2020 982 111).

545 1008 629 1048 Sed
659 1007 786 1048 multo
816 1006 1069 1061 frequentius
1097 1005 1355 1058 posteriores.
1412 1004 1473 1044 Ut
1499 1003 1720 1052 Martialis,
1748 1004 1804 1052 V,
1832 1002 1907 1045 69:

805 1083 978 1132 Antoni,
1007 1082 1158 1123 Phario
1189 1081 1245 1122 nil
1275 1081 1482 1134 objecture
1511 1079 1702 1129 Pothino,

803 1160 861 1202 Et
890 1158 1019 1201 levius
1048 1159 1194 1200 tabula
1223 1171 1345 1212 quam
1375 1157 1568 1200 Cicerone
1598 1169 1768 1199 nocens:

542 1237 665 1279 Nihil
704 1238 908 1294 objectare
949 1237 976 1277 i.
1008 1250 1041 1277 e.
1074 1237 1141 1290 qui
1171 1236 1272 1277 nihil
1301 1241 1418 1290 potes
1448 1235 1635 1288 objicere,
1665 1234 1733 1288 qui
1762 1234 1863 1276 nihil
1892 1235 1997 1289 quod
2027 1234 2195 1286 objicias

542 1305 683 1345 habes.
741 1304 941 1346 Similiter
969 1303 1076 1344 idem
1106 1303 1165 1352 X,
1194 1302 1269 1344 63:

804 1382 1013 1424 Marmora
1041 1394 1171 1434 parva
1199 1380 1376 1436 quidem,
1405 1380 1477 1423 sed
1506 1392 1585 1421 non
1615 1392 1791 1429 cessura,
1812 1362 1958 1429 viator,

804 1459 981 1501 Mausoli
1011 1459 1123 1499 saxis
1152 1458 1497 1512 Pyramidumque
1526 1457 1639 1510 legis.

543 1549 674 1591 parva
701 1537 879 1592 quidem,
895 1537 968 1578 sed
998 1548 1086 1589 quae
1115 1535 1292 1577 Mausoli
1321 1535 1434 1577 saxis
1462 1548 1544 1577 non
1573 1535 1710 1576 cedere
1737 1534 1765 1575 i.
1781 1547 1815 1576 e.
1846 1540 2003 1576 certare
2023 1534 2194 1589 possint.

541 1604 648 1645 Item
677 1604 890 1645 Lucanus:

1330 1673 1644 1723 aequaturusque
1673 1666 1851 1722 sagittas

806 1747 1034 1797 Medorum,
1062 1747 1279 1788 tremulum
1311 1759 1399 1788 cum
1430 1746 1551 1788 torsit
1579 1745 1744 1796 missile,
1772 1747 1937 1788 Mazax.
1966 1745 2065 1802 (IV,
2078 1745 2196 1804 680)

546 1836 807 1889 Quamquam
850 1836 892 1876 in
935 1836 999 1876 his
1043 1836 1333 1888 posterioribus
1378 1837 1574 1889 exemplis
1604 1838 1705 1877 adeo
1734 1837 1955 1877 obscurata
1984 1838 2196 1879 facultatis

547 1903 659 1944 notio
690 1908 767 1951 est,
796 1909 855 1951 ut,
885 1902 920 1943 si
936 1916 1008 1956 pro
1024 1916 1105 1944 non
1121 1897 1284 1943 cessura
1298 1899 1397 1944 ”non
1415 1900 1634 1952 cedentia”‚
1650 1916 1721 1956 pro
1738 1909 1973 1958 oequaturus
1987 1900 2196 1958 ”aequans”

546 1969 760 2017 rescribas,
803 1968 903 2009 nihil
933 1969 1150 2009 admodum
1180 1982 1322 2009 sensus
1350 1968 1438 2022 ipse
1468 1974 1669 2019 mutetur;
1698 1970 1803 2011 unde
1831 1969 1944 2011 illam
1973 1970 2105 2023 ipsam
2134 1972 2197 2013 lo-

548 2036 765 2084 cutionem,
809 2035 914 2076 unde
957 2035 1197 2089 principium
1232 2036 1492 2088 sumpsimus,
1512 2034 1719 2077 locuturas
1748 2050 1861 2077 ceras
1888 2036 1948 2078 sic
1976 2037 2101 2079 etiam
2129 2038 2196 2080 in-

546 2100 766 2154 terpretari
796 2101 942 2155 possis,
960 2106 1007 2142 ut
1021 2102 1128 2142 idem
1147 2102 1286 2142 valeat
1307 2103 1413 2155 quod
1430 2099 1618 2143 ”tabulas
1633 2099 1868 2156 loquentes”
1884 2102 1958 2158 (cf.
1973 2104 2099 2146 Mart.
2114 2105 2194 2154 IX,

549 2177 735 2217 Lxxvn,
764 2167 814 2222 9)
843 2168 870 2208 i.
901 2181 935 2208 e.
967 2165 1196 2220 ”argutas”.
1240 2167 1372 2215 Quem
1402 2181 1497 2210 vero
1526 2168 1683 2210 Lucani
1698 2169 1829 2210 locum
1846 2169 2011 2212 laudat:
2027 2170 2105 2226 (ΙΙ,
2120 2167 2196 2228 37)

810 2245 903 2286 Non
933 2244 1053 2286 aliter
1081 2244 1284 2298 placitura
1310 2244 1396 2286 viro
1425 2245 1484 2287 sic
1512 2250 1655 2288 maesta
1682 2247 1880 2300 profatur.

547 2345 613 2388 hic
642 2346 826 2386 futurum
857 2345 1063 2399 participii
1094 2345 1258 2398 propria
1286 2350 1329 2386 et
1357 2345 1513 2387 usitata
1541 2346 1581 2387 vi
1611 2352 1852 2400 usurpatur:
1868 2343 1965 2389 ”hoc
1979 2347 2125 2391 habitu
2140 2373 2194 2379 —

546 2425 677 2466 neque
707 2412 828 2452 aliter
857 2417 948 2453 erat
977 2411 1248 2465 placitura—
1264 2409 1481 2464 profatur.”
1522 2412 1761 2466 Rejicienda
1787 2413 1912 2468 igitur
1939 2415 2093 2457 Handii
2122 2429 2196 2457 ex-

545 2479 727 2532 plicatio,
759 2484 801 2518 et
830 2478 982 2531 potius,
1014 2491 1108 2519 num
1140 2478 1237 2531 quid
1268 2478 1500 2531 corrigendo
1530 2480 1688 2521 efficere
1717 2480 1932 2533 possimus,
1959 2481 2192 2524 videndum.

542 2544 675 2599 Atqui
718 2545 759 2585 in
804 2549 996 2598 promptu
1040 2543 1282 2585 emendandi
1323 2544 1429 2585 ratio
1466 2550 1542 2586 est.
1599 2545 1725 2600 Cupit
1751 2560 1795 2588 se
1823 2547 1969 2601 Elegia
1996 2548 2195 2590 decimam

542 2624 701 2652 mnsam
745 2611 875 2651 videri
913 2616 956 2652 et
984 2610 1094 2651 fallit
1123 2611 1253 2650 turbae
1282 2623 1460 2651 sororum
1491 2625 1579 2653 sese
1607 2612 1850 2655 immiscens.
1907 2614 2044 2655 Debet
2070 2615 2196 2668 igitur

541 2692 619 2719 non
666 2677 808 2718 fulcire
855 2677 1058 2718 alternum
1103 2677 1247 2729 pedem
1291 2700 1344 2706 -—
1373 2677 1479 2730 quod
1514 2678 1632 2731 quale
1661 2679 1718 2720 sit
1745 2679 1815 2721 vix
1842 2679 2040 2733 intelligo,
2070 2694 2191 2735 quum

541 2757 620 2785 non
651 2745 832 2785 addatur
862 2756 941 2797 quo
972 2742 1118 2784 fulciat
1146 2766 1201 2772 —
1229 2743 1301 2782 sed
1331 2743 1456 2783 oculis
1485 2745 1724 2787 subtrahere
1756 2751 1799 2786 et
1826 2746 2044 2788 occultare.
2093 2747 2195 2789 Cer-

540 2815 627 2851 tum
659 2810 791 2851 habeo
820 2809 884 2850 ita
912 2822 939 2850 a
967 2808 1106 2851 Statio
1136 2807 1354 2861 scriptum:

1333 2885 1527 2941 divasque
1555 2888 1744 2930 hortatur
1773 2894 1816 2930 et
1844 2891 1975 2933 ambit

800 2963 1020 3005 Alternum
1042 2962 1198 3021 furata
1227 2963 1370 3016 pedem
1400 2964 1676 3021 decimamque
1705 2968 1831 3010 videri

798 3042 854 3083 Se
886 3042 1002 3095 cupit
1031 3055 1065 3082 e.
1097 3054 1135 3094 q.
1167 3054 1201 3082 s.
