2448 3766
464 396 514 432 14
1082 395 1123 433 C.
1153 396 1196 432 E.
1226 395 1453 433 Sandstrom.

572 507 752 550 Junctos
788 508 885 563 quid
914 509 992 551 sibi
1021 511 1123 552 velit
1151 523 1230 551 non
1259 510 1391 551 video.
1448 509 1638 550 Natabat
1665 509 1873 557 Leander3
1913 506 2117 559 delphini-

464 575 541 615 bus
565 575 725 627 junctis
754 580 917 616 vectum
948 590 1037 618 esse
1067 590 1185 618 nemo
1215 576 1413 618 narravit.
1471 575 1738 617 Scribendum
1768 580 1888 628 puto:

1251 658 1295 695 et
1323 653 1468 694 audaci
1498 658 1630 693 suetos
1659 652 1874 704 delphinas
1903 650 2071 703 ephebo.

463 731 532 770 Ita
560 731 753 772 Leander
781 732 891 783 apud
921 731 1135 772 Ovidium:

727 809 823 849 Jam
853 814 1015 849 nostros
1046 809 1158 849 curvi
1188 814 1336 849 norunt
1365 806 1575 859 delphines
1605 819 1776 854 amores,

726 885 916 938 Ignotum
947 898 1021 926 nec
1050 898 1113 926 me
1144 885 1322 937 piscibus
1352 897 1440 924 esse
1469 896 1569 923 reor.
1628 882 1760 934 Epist.
1795 879 1937 928 XVII,
1970 880 2060 919 131.

465 963 523 1002 Et
560 961 741 1014 pertinet
778 962 830 1001 ad
861 961 1074 1014 angustias
1105 962 1198 1002 freti
1227 961 1465 1001 indicandas
1494 972 1599 1011 saepe
1628 958 1670 998 id
1701 970 1789 998 eum
1821 960 2118 997 transnatasse.

576 1051 616 1079 v·
645 1038 711 1079 31·
1250 1103 1323 1144 Sic
1351 1101 1549 1143 Chalcida
1576 1100 1724 1140 fluctus

729 1180 958 1233 Expellunt
986 1179 1119 1221 fluvii:
1149 1180 1207 1221 sic
1236 1178 1456 1220 dissociata
1483 1177 1682 1230 profundo

729 1257 898 1298 Bruttia
927 1257 1134 1317 Sicanium
1166 1255 1437 1308 circumspicit
1465 1268 1535 1295 ora
1562 1254 1765 1294 Pelorum.

468 1334 739 1375 Manifestum
785 1340 848 1375 est
891 1335 968 1375 hoc
1010 1340 1173 1387 poetam
1211 1334 1341 1374 dicere
1370 1332 1566 1373 voluisse:
1596 1327 1687 1372 ”Sic
1714 1331 1823 1372 inter
1851 1330 2050 1372 Chalcida
2080 1335 2123 1371 et

467 1401 684 1443 Boeotium
715 1401 813 1442 litus
843 1401 1126 1442 brevissimum
1157 1402 1304 1442 fretum
1334 1394 1581 1448 intercedit”;
1611 1411 1699 1452 quae
1729 1396 1936 1440 sententia
1965 1411 2016 1438 ex
2033 1402 2122 1439 tra-

467 1467 566 1509 ditis
595 1467 732 1508 verbis
763 1468 996 1521 extorqueri
1026 1468 1135 1508 nullo
1164 1473 1284 1520 pacto
1313 1471 1461 1520 potest.
1509 1464 1777 1506 Scribendum
1807 1464 1990 1505 videtur:

1253 1543 1323 1586 Sic
1352 1541 1550 1586 Chalcida
1578 1540 1694 1583 littus

729 1619 942 1677 Explorat
973 1618 1148 1662 Glauci.-
1174 1621 1232 1661 sic
1261 1626 1336 1660 cet.

464 1699 526 1740 Ut
570 1698 740 1739 Bruttia
782 1712 855 1739 ora
895 1699 1099 1745 Pelorum,
1143 1699 1200 1738 sic
1229 1697 1373 1738 Glauci
1403 1697 1500 1738 litus
1530 1695 1892 1750 (Chalcedonium)
1923 1695 2121 1737 Chalcida

464 1762 656 1819 explorat
683 1767 811 1819 atque
840 1762 1132 1817 circumspicit:
1161 1768 1247 1805 tam
1277 1763 1397 1805 breve
1425 1761 1683 1816 interJectum
1714 1774 1825 1804 mare
1856 1766 1932 1803 est.

579 1854 618 1881 v·
647 1841 715 1881 48.

991 1918 1128 1959 Labor
1156 1923 1219 1959 est
1247 1917 1334 1959 auri
1363 1930 1587 1959 memorare
1615 1917 1767 1970 figuras

728 1993 820 2036 Aut
850 1996 951 2038 ebur
979 2001 1053 2038 aut
1081 1996 1222 2050 dignas
1252 1995 1388 2051 digitis
1418 1996 1649 2050 contingere
1679 2006 1875 2049 gemmas,

729 2069 934 2128 Quicquid
965 2079 1007 2115 et
1036 2079 1201 2128 argento
1230 2075 1401 2128 primum
1430 2075 1495 2116 vel
1522 2074 1565 2115 in
1595 2086 1674 2115 aere
1704 2071 1848 2113 minori

728 2149 850 2190 Lusit
879 2155 922 2190 et
951 2163 1132 2192 enormes
1160 2164 1302 2192 manus
1332 2157 1395 2193 est
1424 2156 1595 2205 experta
1624 2151 1813 2191 colossos.

467 2227 540 2269 Sic
568 2225 845 2267 Baehrensius
875 2227 1015 2276 edidit,
1045 2241 1116 2281 pro
1146 2243 1205 2277 eo,
1235 2230 1338 2282 quod
1368 2234 1491 2270 antea
1519 2228 1639 2282 vulgo
1670 2228 1896 2281 legebatur,
1911 2226 2117 2282 Myronis,

466 2292 650 2335 codicum
695 2293 957 2342 auctoritate,
996 2307 1115 2347 quam
1146 2296 1267 2335 etiam
1298 2297 1529 2349 conjectura
1557 2299 1836 2349 praecesserat,
1866 2295 2021 2335 minori
2048 2308 2116 2336 re-

467 2371 624 2412 ponens
654 2363 697 2399 et
720 2358 808 2409 jam
838 2359 974 2400 omnia
1002 2365 1110 2401 recte
1140 2375 1227 2402 sese
1255 2361 1404 2403 habere
1435 2362 1689 2403 confirmans.
1748 2360 1812 2401 Ac
1840 2361 1996 2402 minori
2024 2361 2116 2415 qui-

465 2425 557 2466 dem
604 2423 701 2478 quin
742 2428 853 2465 recte
896 2427 1158 2476 revocaverit,
1206 2427 1521 2483 haudquaquam
1565 2427 1730 2477 dubito3
1759 2433 2024 2480 persanatum
2054 2427 2117 2470 lo-

466 2504 557 2533 cum
602 2503 692 2531 esse
735 2492 913 2532 nondum
958 2493 1087 2533 credo.
1143 2494 1248 2534 Nam
1292 2500 1334 2535 et
1369 2495 1469 2536 illud
1492 2495 1695 2550 primum,
1725 2494 1822 2534 licet
1850 2506 1922 2546 pro
1944 2495 2115 2549 prima-

468 2558 583 2598 rium
628 2556 759 2609 accipi
803 2557 949 2609 possit,
993 2563 1128 2600 tamen
1173 2573 1292 2614 quum
1324 2566 1490 2615 propter
1519 2560 1831 2614 ambiguitatem
1860 2548 2124 2603 vehementer

468 2623 653 2670 offendit,
683 2628 772 2661 tum
809 2623 852 2662 in
881 2624 957 2663 hoc
987 2630 1191 2674 contextu,
1221 2628 1289 2666 ubi
1319 2628 1446 2668 multo
1476 2628 1620 2668 melius
1650 2627 1737 2667 sine
1767 2627 1849 2666 ullo
1879 2627 2041 2667 omnino
2071 2640 2116 2668 e-

466 2688 626 2744 pitheto
657 2688 856 2742 procedat
884 2690 1028 2740 oratio,
1065 2691 1233 2735 moleste
1261 2693 1467 2745 inseritur;
1498 2699 1541 2736 et
1570 2693 1676 2748 quod
1706 2692 1893 2735 liberiore
1910 2698 2121 2736 construc-

465 2756 576 2796 tione
621 2767 739 2795 usum
780 2755 962 2796 Statium
992 2757 1090 2797 dicit
1118 2759 1170 2798 ad
1200 2760 1395 2815 quiequid
1422 2761 1523 2801 illud
1554 2773 1735 2801 enormes
1765 2758 1939 2800 colossos
1968 2759 2117 2813 adjun-

464 2822 590 2871 xisse,
621 2834 745 2874 quum
776 2822 917 2875 regula
953 2825 1147 2865 sermonis
1176 2828 1398 2868 enormium
1427 2827 1675 2869 colossomm
1705 2826 1914 2879 expectari
1937 2827 2118 2879 juberet,

463 2900 618 2937 vereor,
662 2900 713 2927 ne
743 2887 939 2940 ejusmodi
970 2891 1212 2932 constructio
1241 2893 1416 2935 barbara
1444 2893 1596 2935 rectius
1626 2905 1748 2947 quam
1779 2891 1942 2933 liberior
1971 2892 2117 2946 appel-

463 2956 583 2995 letur.
643 2952 762 2999 Quod
793 2954 826 2993 si
856 2954 983 2995 latine
1013 2956 1188 2998 locut-um
1218 2958 1396 3000 Statium
1426 2966 1635 3013 putamus,
1663 2960 1726 2999 ita
1753 2959 2015 3011 interpretari
2045 2971 2114 3000 co-

464 3021 600 3062 dicum
630 3019 876 3071 scripturam
907 3020 1103 3073 cogimur:
1133 3020 1340 3078 ”quicquid
1372 3040 1554 3067 enormes
1585 3025 1762 3067 colossos
1792 3024 2005 3077 experiens
2024 3037 2115 3066 mae

464 3100 541 3127 nus
570 3085 612 3126 in
642 3097 720 3125 aere
749 3084 894 3126 minori
924 3082 1056 3126 lusit”:
1087 3088 1153 3142 qui
1183 3103 1323 3132 sensus
1353 3092 1467 3142 nihil,
1496 3097 1543 3133 ut
1572 3090 1727 3145 opinor,
1757 3090 1810 3131 ad
1839 3095 1971 3144 poetae
2000 3103 2117 3133 men-

462 3160 547 3195 tem
592 3151 708 3194 facit.
764 3152 869 3194 Duae
905 3158 1088 3203 tantum,
1117 3161 1164 3196 ut
1186 3157 1273 3209 jam
1302 3159 1354 3200 ad
1386 3158 1629 3202 emendandi
1657 3157 1857 3201 rationem
1888 3157 2115 3211 veniamus,
