<?xml version="1.0" encoding="UTF-8"?>
<!DOCTYPE html PUBLIC "-//W3C//DTD XHTML 1.0 Transitional//EN"
    "http://www.w3.org/TR/xhtml1/DTD/xhtml1-transitional.dtd">
<html xmlns="http://www.w3.org/1999/xhtml" xml:lang="en" lang="en">
 <head>
  <title>
</title>
<meta http-equiv="Content-Type" content="text/html;charset=utf-8" />
  <meta name='ocr-system' content='tesseract 3.04.00' />
  <meta name='ocr-capabilities' content='ocr_page ocr_carea ocr_par ocr_line ocrx_word'/>
</head>
<body>
  <div class='ocr_page' id='page_1' title='image "4770924_0035.png"; bbox 0 0 2381 3758; ppageno 0'>
   <div class='ocr_carea' id='block_1_1' title="bbox 665 400 1898 451">
    <p class='ocr_par' dir='ltr' id='par_1_1' title="bbox 665 400 1898 451">
     <span class='ocr_line' id='line_1_1' title="bbox 665 400 1898 451; baseline -0.005 -9"><span class='ocrx_word' id='word_1_1' title='bbox 665 406 794 443; x_wconf 83' lang='lat' dir='ltr'><strong>Studia</strong></span> <span class='ocrx_word' id='word_1_2' title='bbox 821 406 958 443; x_wconf 80' lang='lat' dir='ltr'><strong>Gritica</strong></span> <span class='ocrx_word' id='word_1_3' title='bbox 985 407 1024 442; x_wconf 84' lang='lat' dir='ltr'><strong>in</strong></span> <span class='ocrx_word' id='word_1_4' title='bbox 1053 406 1246 451; x_wconf 68' lang='lat' dir='ltr'><strong>Pupiniam</strong></span> <span class='ocrx_word' id='word_1_5' title='bbox 1275 405 1448 443; x_wconf 79' lang='lat' dir='ltr'><strong>Statium.</strong></span> <span class='ocrx_word' id='word_1_6' title='bbox 1850 400 1898 436; x_wconf 83' lang='grc'><strong>17</strong></span> 
     </span>
    </p>
   </div>
   <div class='ocr_carea' id='block_1_2' title="bbox 362 515 1707 1180">
    <p class='ocr_par' dir='ltr' id='par_1_2' title="bbox 362 515 1707 1180">
     <span class='ocr_line' id='line_1_2' title="bbox 362 515 498 555; baseline 0 -1"><span class='ocrx_word' id='word_1_7' title='bbox 362 527 402 554; x_wconf 86' lang='lat' dir='ltr'><strong>v.</strong></span> <span class='ocrx_word' id='word_1_8' title='bbox 431 515 498 555; x_wconf 83' lang='lat'><strong>34.</strong></span> 
     </span>
     <span class='ocr_line' id='line_1_3' title="bbox 515 574 1646 647; baseline 0.001 -16"><span class='ocrx_word' id='word_1_9' title='bbox 515 591 606 631; x_wconf 89' lang='lat' dir='ltr'><strong>Non</strong></span> <span class='ocrx_word' id='word_1_10' title='bbox 635 591 714 632; x_wconf 89' lang='lat' dir='ltr'><strong>huc</strong></span> <span class='ocrx_word' id='word_1_11' title='bbox 732 574 930 632; x_wconf 56' lang='lat' dir='ltr'><strong>&#39;admissae</strong></span> <span class='ocrx_word' id='word_1_12' title='bbox 959 592 1117 633; x_wconf 81' lang='lat' dir='ltr'><strong>Thasos</strong></span> <span class='ocrx_word' id='word_1_13' title='bbox 1145 599 1218 634; x_wconf 89' lang='lat' dir='ltr'><strong>aut</strong></span> <span class='ocrx_word' id='word_1_14' title='bbox 1245 595 1402 635; x_wconf 88' lang='lat' dir='ltr'><strong>undosa</strong></span> <span class='ocrx_word' id='word_1_15' title='bbox 1427 594 1646 647; x_wconf 81' lang='lat' dir='ltr'><strong>Carystos3</strong></span> 
     </span>
     <span class='ocr_line' id='line_1_4' title="bbox 520 667 1666 724; baseline 0.001 -17"><span class='ocrx_word' id='word_1_16' title='bbox 520 667 666 708; x_wconf 82' lang='lat' dir='ltr'><strong>Maeret</strong></span> <span class='ocrx_word' id='word_1_17' title='bbox 695 680 803 721; x_wconf 89' lang='lat' dir='ltr'><strong>onyx</strong></span> <span class='ocrx_word' id='word_1_18' title='bbox 833 668 948 721; x_wconf 88' lang='lat' dir='ltr'><strong>longe</strong></span> <span class='ocrx_word' id='word_1_19' title='bbox 978 670 1237 724; x_wconf 83' lang='lat' dir='ltr'><strong>queriturque</strong></span> <span class='ocrx_word' id='word_1_20' title='bbox 1267 671 1455 712; x_wconf 86' lang='lat' dir='ltr'><strong>exclusus</strong></span> <span class='ocrx_word' id='word_1_21' title='bbox 1484 668 1666 723; x_wconf 85' lang='lat' dir='ltr'><strong>ophites:</strong></span> 
     </span>
     <span class='ocr_line' id='line_1_5' title="bbox 519 743 1527 787; baseline 0.003 -4"><span class='ocrx_word' id='word_1_22' title='bbox 519 743 619 784; x_wconf 86' lang='lat' dir='ltr'><strong>Sola</strong></span> <span class='ocrx_word' id='word_1_23' title='bbox 648 744 753 784; x_wconf 89' lang='lat' dir='ltr'><strong>nitet</strong></span> <span class='ocrx_word' id='word_1_24' title='bbox 782 745 899 784; x_wconf 89' lang='lat' dir='ltr'><strong>flavis</strong></span> <span class='ocrx_word' id='word_1_25' title='bbox 927 745 1154 786; x_wconf 80' lang='lat' dir='ltr'><strong>Nomadum</strong></span> <span class='ocrx_word' id='word_1_26' title='bbox 1185 748 1321 787; x_wconf 89' lang='lat' dir='ltr'><strong>decisa</strong></span> <span class='ocrx_word' id='word_1_27' title='bbox 1349 747 1527 787; x_wconf 82' lang='lat' dir='ltr'><strong>metallis</strong></span> 
     </span>
     <span class='ocr_line' id='line_1_6' title="bbox 520 820 1707 877; baseline 0.002 -17"><span class='ocrx_word' id='word_1_28' title='bbox 520 820 722 873; x_wconf 83' lang='lat' dir='ltr'><strong>Purpura,</strong></span> <span class='ocrx_word' id='word_1_29' title='bbox 752 821 841 861; x_wconf 88' lang='lat' dir='ltr'><strong>sola</strong></span> <span class='ocrx_word' id='word_1_30' title='bbox 869 834 967 861; x_wconf 87' lang='lat' dir='ltr'><strong>cavo</strong></span> <span class='ocrx_word' id='word_1_31' title='bbox 996 822 1161 875; x_wconf 88' lang='lat' dir='ltr'><strong>Phygiae</strong></span> <span class='ocrx_word' id='word_1_32' title='bbox 1191 837 1311 876; x_wconf 89' lang='lat' dir='ltr'><strong>quam</strong></span> <span class='ocrx_word' id='word_1_33' title='bbox 1341 824 1558 877; x_wconf 81' lang='lat' dir='ltr'><strong>Synnados</strong></span> <span class='ocrx_word' id='word_1_34' title='bbox 1588 828 1707 863; x_wconf 85' lang='lat' dir='ltr'><strong>antro</strong></span> 
     </span>
     <span class='ocr_line' id='line_1_7' title="bbox 517 897 1479 950; baseline 0.003 -12"><span class='ocrx_word' id='word_1_35' title='bbox 517 897 614 950; x_wconf 89' lang='lat' dir='ltr'><strong>Ipse</strong></span> <span class='ocrx_word' id='word_1_36' title='bbox 644 897 875 938; x_wconf 85' lang='lat' dir='ltr'><strong>cruentavit</strong></span> <span class='ocrx_word' id='word_1_37' title='bbox 903 898 1072 939; x_wconf 90' lang='lat' dir='ltr'><strong>maculis</strong></span> <span class='ocrx_word' id='word_1_38' title='bbox 1101 899 1320 941; x_wconf 89' lang='lat' dir='ltr'><strong>liventibus</strong></span> <span class='ocrx_word' id='word_1_39' title='bbox 1349 900 1479 948; x_wconf 90' lang='lat' dir='ltr'><strong>Attis,</strong></span> 
     </span>
     <span class='ocr_line' id='line_1_8' title="bbox 521 972 1554 1029; baseline 0.003 -16"><span class='ocrx_word' id='word_1_40' title='bbox 521 972 701 1027; x_wconf 83' lang='lat' dir='ltr'><strong>Quaeque</strong></span> <span class='ocrx_word' id='word_1_41' title='bbox 733 974 830 1028; x_wconf 90' lang='lat' dir='ltr'><strong>Tyri</strong></span> <span class='ocrx_word' id='word_1_42' title='bbox 858 987 985 1014; x_wconf 86' lang='lat' dir='ltr'><strong>venas</strong></span> <span class='ocrx_word' id='word_1_43' title='bbox 1014 980 1127 1015; x_wconf 87' lang='lat' dir='ltr'><strong>secat</strong></span> <span class='ocrx_word' id='word_1_44' title='bbox 1155 981 1197 1016; x_wconf 89' lang='lat' dir='ltr'><strong>et</strong></span> <span class='ocrx_word' id='word_1_45' title='bbox 1225 975 1393 1016; x_wconf 88' lang='lat' dir='ltr'><strong>Sidonia</strong></span> <span class='ocrx_word' id='word_1_46' title='bbox 1420 988 1554 1029; x_wconf 87' lang='lat' dir='ltr'><strong>rupes.</strong></span> 
     </span>
     <span class='ocr_line' id='line_1_9' title="bbox 518 1050 1583 1104; baseline 0.002 -15"><span class='ocrx_word' id='word_1_47' title='bbox 518 1050 603 1089; x_wconf 88' lang='lat' dir='ltr'><strong>Vix</strong></span> <span class='ocrx_word' id='word_1_48' title='bbox 632 1051 744 1090; x_wconf 89' lang='lat' dir='ltr'><strong>locus</strong></span> <span class='ocrx_word' id='word_1_49' title='bbox 773 1051 951 1099; x_wconf 84' lang='lat' dir='ltr'><strong>Eurotae,</strong></span> <span class='ocrx_word' id='word_1_50' title='bbox 980 1051 1119 1091; x_wconf 89' lang='lat' dir='ltr'><strong>viridis</strong></span> <span class='ocrx_word' id='word_1_51' title='bbox 1149 1065 1269 1104; x_wconf 88' lang='lat' dir='ltr'><strong>quum</strong></span> <span class='ocrx_word' id='word_1_52' title='bbox 1298 1053 1439 1104; x_wconf 84' lang='lat' dir='ltr'><strong>regula</strong></span> <span class='ocrx_word' id='word_1_53' title='bbox 1466 1053 1583 1104; x_wconf 88' lang='lat' dir='ltr'><strong>longo</strong></span> 
     </span>
     <span class='ocr_line' id='line_1_10' title="bbox 523 1125 1123 1180; baseline 0 -13"><span class='ocrx_word' id='word_1_54' title='bbox 523 1125 723 1180; x_wconf 83' lang='lat' dir='ltr'><strong>Synnada</strong></span> <span class='ocrx_word' id='word_1_55' title='bbox 751 1127 948 1167; x_wconf 87' lang='lat' dir='ltr'><strong>distinctu</strong></span> <span class='ocrx_word' id='word_1_56' title='bbox 977 1127 1123 1167; x_wconf 88' lang='lat' dir='ltr'><strong>variat.</strong></span> 
     </span>
    </p>
   </div>
   <div class='ocr_carea' id='block_1_3' title="bbox 256 1202 1908 1654">
    <p class='ocr_par' dir='ltr' id='par_1_3' title="bbox 256 1202 1908 1654">
     <span class='ocr_line' id='line_1_11' title="bbox 256 1202 1901 1251; baseline 0.001 -8"><span class='ocrx_word' id='word_1_57' title='bbox 256 1202 379 1244; x_wconf 85' lang='lat' dir='ltr'><strong>Haud</strong></span> <span class='ocrx_word' id='word_1_58' title='bbox 406 1203 608 1243; x_wconf 87' lang='lat' dir='ltr'><strong>immerito</strong></span> <span class='ocrx_word' id='word_1_59' title='bbox 638 1203 908 1244; x_wconf 89' lang='lat' dir='ltr'><strong>Marklandus</strong></span> <span class='ocrx_word' id='word_1_60' title='bbox 936 1203 1107 1243; x_wconf 87' lang='lat' dir='ltr'><strong>miratur</strong></span> <span class='ocrx_word' id='word_1_61' title='bbox 1134 1203 1203 1243; x_wconf 86' lang='lat' dir='ltr'><strong>vix</strong></span> <span class='ocrx_word' id='word_1_62' title='bbox 1231 1204 1393 1244; x_wconf 84' lang='lat' dir='ltr'><strong>Eurotae</strong></span> <span class='ocrx_word' id='word_1_63' title='bbox 1426 1204 1492 1245; x_wconf 91' lang='lat' dir='ltr'><strong>hic</strong></span> <span class='ocrx_word' id='word_1_64' title='bbox 1522 1205 1654 1245; x_wconf 91' lang='lat' dir='ltr'><strong>locum</strong></span> <span class='ocrx_word' id='word_1_65' title='bbox 1684 1216 1773 1244; x_wconf 86' lang='lat' dir='ltr'><strong>esse</strong></span> <span class='ocrx_word' id='word_1_66' title='bbox 1807 1204 1901 1251; x_wconf 88' lang='lat' dir='ltr'><strong>dici,</strong></span> 
     </span>
     <span class='ocr_line' id='line_1_12' title="bbox 261 1269 1905 1323; baseline 0.001 -14"><span class='ocrx_word' id='word_1_67' title='bbox 261 1282 384 1323; x_wconf 89' lang='lat' dir='ltr'><strong>quum</strong></span> <span class='ocrx_word' id='word_1_68' title='bbox 429 1273 590 1310; x_wconf 89' lang='lat' dir='ltr'><strong>constet</strong></span> <span class='ocrx_word' id='word_1_69' title='bbox 631 1274 769 1310; x_wconf 89' lang='lat' dir='ltr'><strong>tamen</strong></span> <span class='ocrx_word' id='word_1_70' title='bbox 818 1269 982 1310; x_wconf 84' lang='lat' dir='ltr'><strong>aliunde</strong></span> <span class='ocrx_word' id='word_1_71' title='bbox 1025 1269 1212 1310; x_wconf 84' lang='lat' dir='ltr'><strong>viridium</strong></span> <span class='ocrx_word' id='word_1_72' title='bbox 1249 1282 1489 1311; x_wconf 90' lang='lat' dir='ltr'><strong>marmorum</strong></span> <span class='ocrx_word' id='word_1_73' title='bbox 1519 1270 1673 1311; x_wconf 89' lang='lat' dir='ltr'><strong>nullum</strong></span> <span class='ocrx_word' id='word_1_74' title='bbox 1702 1269 1905 1312; x_wconf 88' lang='lat' dir='ltr'><strong>Laconico</strong></span> 
     </span>
     <span class='ocr_line' id='line_1_13' title="bbox 262 1323 1904 1389; baseline 0 -13"><span class='ocrx_word' id='word_1_75' title='bbox 262 1334 480 1388; x_wconf 80' lang='lat' dir='ltr'><strong>pretiosius</strong></span> <span class='ocrx_word' id='word_1_76' title='bbox 509 1335 648 1375; x_wconf 87' lang='lat' dir='ltr'><strong>fuisse.</strong></span> <span class='ocrx_word' id='word_1_77' title='bbox 706 1323 877 1376; x_wconf 78' lang='lat' dir='ltr'><strong>Poterat</strong></span> <span class='ocrx_word' id='word_1_78' title='bbox 906 1335 1003 1376; x_wconf 89' lang='lat' dir='ltr'><strong>addi</strong></span> <span class='ocrx_word' id='word_1_79' title='bbox 1033 1335 1131 1375; x_wconf 88' lang='lat' dir='ltr'><strong>mire</strong></span> <span class='ocrx_word' id='word_1_80' title='bbox 1170 1348 1327 1389; x_wconf 89' lang='lat' dir='ltr'><strong>quoque</strong></span> <span class='ocrx_word' id='word_1_81' title='bbox 1355 1342 1531 1388; x_wconf 89' lang='lat' dir='ltr'><strong>poetam,</strong></span> <span class='ocrx_word' id='word_1_82' title='bbox 1561 1349 1682 1389; x_wconf 91' lang='lat' dir='ltr'><strong>quum</strong></span> <span class='ocrx_word' id='word_1_83' title='bbox 1713 1336 1831 1376; x_wconf 90' lang='lat' dir='ltr'><strong>modo</strong></span> <span class='ocrx_word' id='word_1_84' title='bbox 1862 1341 1904 1377; x_wconf 87' lang='lat' dir='ltr'><strong>et</strong></span> 
     </span>
     <span class='ocr_line' id='line_1_14' title="bbox 262 1400 1905 1454; baseline 0.001 -13"><span class='ocrx_word' id='word_1_85' title='bbox 262 1401 429 1442; x_wconf 84' lang='lat' dir='ltr'><strong>exclusa</strong></span> <span class='ocrx_word' id='word_1_86' title='bbox 458 1405 501 1441; x_wconf 89' lang='lat' dir='ltr'><strong>et</strong></span> <span class='ocrx_word' id='word_1_87' title='bbox 529 1401 711 1442; x_wconf 89' lang='lat' dir='ltr'><strong>admissa</strong></span> <span class='ocrx_word' id='word_1_88' title='bbox 740 1414 889 1454; x_wconf 85' lang='lat' dir='ltr'><strong>genera</strong></span> <span class='ocrx_word' id='word_1_89' title='bbox 917 1401 1068 1442; x_wconf 87' lang='lat' dir='ltr'><strong>diserte</strong></span> <span class='ocrx_word' id='word_1_90' title='bbox 1102 1400 1383 1453; x_wconf 86' lang='lat' dir='ltr'><strong>appellaverit,</strong></span> <span class='ocrx_word' id='word_1_91' title='bbox 1411 1401 1477 1442; x_wconf 89' lang='lat' dir='ltr'><strong>hic</strong></span> <span class='ocrx_word' id='word_1_92' title='bbox 1506 1402 1713 1442; x_wconf 85' lang='lat' dir='ltr'><strong>exclusum</strong></span> <span class='ocrx_word' id='word_1_93' title='bbox 1742 1405 1905 1442; x_wconf 86' lang='lat' dir='ltr'><strong>tantum</strong></span> 
     </span>
     <span class='ocr_line' id='line_1_15' title="bbox 262 1466 1908 1519; baseline -0.001 -12"><span class='ocrx_word' id='word_1_94' title='bbox 262 1466 483 1514; x_wconf 86' lang='lat' dir='ltr'><strong>nominare,</strong></span> <span class='ocrx_word' id='word_1_95' title='bbox 525 1466 581 1514; x_wconf 89' lang='lat' dir='ltr'><strong>id,</strong></span> <span class='ocrx_word' id='word_1_96' title='bbox 611 1468 718 1519; x_wconf 90' lang='lat' dir='ltr'><strong>quod</strong></span> <span class='ocrx_word' id='word_1_97' title='bbox 763 1473 810 1507; x_wconf 82' lang='lat' dir='ltr'><strong>ut</strong></span> <span class='ocrx_word' id='word_1_98' title='bbox 838 1467 1103 1519; x_wconf 80' lang='lat' dir='ltr'><strong>praestantius</strong></span> <span class='ocrx_word' id='word_1_99' title='bbox 1131 1467 1226 1506; x_wconf 89' lang='lat' dir='ltr'><strong>huic</strong></span> <span class='ocrx_word' id='word_1_100' title='bbox 1254 1467 1463 1518; x_wconf 87' lang='lat' dir='ltr'><strong>praelatum</strong></span> <span class='ocrx_word' id='word_1_101' title='bbox 1494 1467 1562 1514; x_wconf 84' lang='lat' dir='ltr'><strong>sit,</strong></span> <span class='ocrx_word' id='word_1_102' title='bbox 1591 1479 1756 1518; x_wconf 86' lang='lat' dir='ltr'><strong>prorsus</strong></span> <span class='ocrx_word' id='word_1_103' title='bbox 1785 1467 1908 1507; x_wconf 90' lang='lat' dir='ltr'><strong>omit-</strong></span> 
     </span>
     <span class='ocr_line' id='line_1_16' title="bbox 262 1531 1902 1589; baseline 0.001 -16"><span class='ocrx_word' id='word_1_104' title='bbox 262 1538 362 1574; x_wconf 88' lang='lat' dir='ltr'><strong>tere.</strong></span> <span class='ocrx_word' id='word_1_105' title='bbox 420 1532 520 1575; x_wconf 88' lang='lat' dir='ltr'><strong>Cod.</strong></span> <span class='ocrx_word' id='word_1_106' title='bbox 553 1531 721 1588; x_wconf 82' lang='lat' dir='ltr'><strong>Quoque</strong></span> <span class='ocrx_word' id='word_1_107' title='bbox 754 1533 855 1589; x_wconf 73' lang='lat' dir='ltr'><strong>Tyri</strong></span> <span class='ocrx_word' id='word_1_108' title='bbox 883 1533 1035 1582; x_wconf 77' lang='lat' dir='ltr'><strong>niveas,</strong></span> <span class='ocrx_word' id='word_1_109' title='bbox 1065 1532 1142 1573; x_wconf 89' lang='lat' dir='ltr'><strong>nisi</strong></span> <span class='ocrx_word' id='word_1_110' title='bbox 1172 1533 1278 1586; x_wconf 91' lang='lat' dir='ltr'><strong>quod</strong></span> <span class='ocrx_word' id='word_1_111' title='bbox 1308 1532 1396 1573; x_wconf 92' lang='lat' dir='ltr'><strong>coll.</strong></span> <span class='ocrx_word' id='word_1_112' title='bbox 1426 1533 1512 1574; x_wconf 90' lang='lat' dir='ltr'><strong>Pol.</strong></span> <span class='ocrx_word' id='word_1_113' title='bbox 1542 1546 1707 1588; x_wconf 82' lang='lat' dir='ltr'><strong>quoeque</strong></span> <span class='ocrx_word' id='word_1_114' title='bbox 1734 1533 1902 1586; x_wconf 86' lang='lat' dir='ltr'><strong>profert.</strong></span> 
     </span>
     <span class='ocr_line' id='line_1_17' title="bbox 260 1598 1138 1654; baseline -0.001 -13"><span class='ocrx_word' id='word_1_115' title='bbox 260 1598 380 1641; x_wconf 90' lang='lat' dir='ltr'><strong>Unde</strong></span> <span class='ocrx_word' id='word_1_116' title='bbox 408 1598 470 1639; x_wconf 84' lang='lat' dir='ltr'><strong>ita</strong></span> <span class='ocrx_word' id='word_1_117' title='bbox 498 1599 826 1641; x_wconf 87' lang='lat' dir='ltr'><strong>constituendum</strong></span> <span class='ocrx_word' id='word_1_118' title='bbox 856 1600 988 1641; x_wconf 92' lang='lat' dir='ltr'><strong>locum</strong></span> <span class='ocrx_word' id='word_1_119' title='bbox 1017 1604 1138 1654; x_wconf 88' lang='lat' dir='ltr'><strong>puto:</strong></span> 
     </span>
    </p>
   </div>
   <div class='ocr_carea' id='block_1_4' title="bbox 521 1676 1591 1885">
    <p class='ocr_par' dir='ltr' id='par_1_4' title="bbox 521 1676 1591 1885">
     <span class='ocr_line' id='line_1_18' title="bbox 523 1676 1581 1731; baseline -0.002 -13"><span class='ocrx_word' id='word_1_120' title='bbox 523 1676 697 1731; x_wconf 83' lang='lat' dir='ltr'><strong>Quoque</strong></span> <span class='ocrx_word' id='word_1_121' title='bbox 728 1678 873 1731; x_wconf 78' lang='lat' dir='ltr'><strong>Tyrive</strong></span> <span class='ocrx_word' id='word_1_122' title='bbox 899 1678 993 1717; x_wconf 81' lang='lat' dir='ltr'><strong>vias</strong></span> <span class='ocrx_word' id='word_1_123' title='bbox 1020 1683 1122 1717; x_wconf 79' lang='lat' dir='ltr'><strong>secet</strong></span> <span class='ocrx_word' id='word_1_124' title='bbox 1150 1683 1223 1716; x_wconf 79' lang='lat' dir='ltr'><strong>aut</strong></span> <span class='ocrx_word' id='word_1_125' title='bbox 1252 1676 1421 1717; x_wconf 87' lang='lat' dir='ltr'><strong>Sidonia</strong></span> <span class='ocrx_word' id='word_1_126' title='bbox 1448 1689 1581 1728; x_wconf 87' lang='lat' dir='ltr'><strong>rupes,</strong></span> 
     </span>
     <span class='ocr_line' id='line_1_19' title="bbox 524 1754 1591 1808; baseline -0.001 -13"><span class='ocrx_word' id='word_1_127' title='bbox 524 1754 610 1795; x_wconf 82' lang='lat' dir='ltr'><strong>Vix</strong></span> <span class='ocrx_word' id='word_1_128' title='bbox 638 1755 764 1804; x_wconf 89' lang='lat' dir='ltr'><strong>locus,</strong></span> <span class='ocrx_word' id='word_1_129' title='bbox 792 1756 957 1797; x_wconf 82' lang='lat' dir='ltr'><strong>Eurotae</strong></span> <span class='ocrx_word' id='word_1_130' title='bbox 986 1755 1127 1796; x_wconf 88' lang='lat' dir='ltr'><strong>viridis</strong></span> <span class='ocrx_word' id='word_1_131' title='bbox 1157 1767 1279 1808; x_wconf 91' lang='lat' dir='ltr'><strong>quum</strong></span> <span class='ocrx_word' id='word_1_132' title='bbox 1308 1754 1448 1807; x_wconf 85' lang='lat' dir='ltr'><strong>regula</strong></span> <span class='ocrx_word' id='word_1_133' title='bbox 1476 1754 1591 1807; x_wconf 86' lang='lat' dir='ltr'><strong>longo</strong></span> 
     </span>
     <span class='ocr_line' id='line_1_20' title="bbox 521 1829 1122 1885; baseline 0 -13"><span class='ocrx_word' id='word_1_134' title='bbox 521 1829 722 1885; x_wconf 86' lang='lat' dir='ltr'><strong>Synnada</strong></span> <span class='ocrx_word' id='word_1_135' title='bbox 749 1831 947 1873; x_wconf 86' lang='lat' dir='ltr'><strong>distinctu</strong></span> <span class='ocrx_word' id='word_1_136' title='bbox 975 1831 1122 1873; x_wconf 87' lang='lat' dir='ltr'><strong>variat.</strong></span> 
     </span>
    </p>
   </div>
   <div class='ocr_carea' id='block_1_5' title="bbox 259 1907 1913 2214">
    <p class='ocr_par' dir='ltr' id='par_1_5' title="bbox 259 1907 1913 2214">
     <span class='ocr_line' id='line_1_21' title="bbox 262 1907 1905 1961; baseline 0 -13"><span class='ocrx_word' id='word_1_137' title='bbox 262 1910 352 1949; x_wconf 90' lang='lat' dir='ltr'><strong>Hoc</strong></span> <span class='ocrx_word' id='word_1_138' title='bbox 395 1912 479 1949; x_wconf 86' lang='lat' dir='ltr'><strong>est:</strong></span> <span class='ocrx_word' id='word_1_139' title='bbox 524 1920 647 1961; x_wconf 92' lang='lat' dir='ltr'><strong>quum</strong></span> <span class='ocrx_word' id='word_1_140' title='bbox 689 1909 882 1949; x_wconf 84' lang='lat' dir='ltr'><strong>Laconici</strong></span> <span class='ocrx_word' id='word_1_141' title='bbox 925 1908 1136 1949; x_wconf 90' lang='lat' dir='ltr'><strong>marmoris</strong></span> <span class='ocrx_word' id='word_1_142' title='bbox 1179 1909 1320 1961; x_wconf 89' lang='lat' dir='ltr'><strong>regula</strong></span> <span class='ocrx_word' id='word_1_143' title='bbox 1362 1907 1634 1961; x_wconf 84' lang='lat' dir='ltr'><strong>Synnadicum</strong></span> <span class='ocrx_word' id='word_1_144' title='bbox 1680 1908 1905 1961; x_wconf 83' lang='lat' dir='ltr'><strong>distinguit,</strong></span> 
     </span>
     <span class='ocr_line' id='line_1_22' title="bbox 262 1973 1913 2028; baseline 0 -14"><span class='ocrx_word' id='word_1_145' title='bbox 262 1974 332 2014; x_wconf 84' lang='lat' dir='ltr'><strong>vix</strong></span> <span class='ocrx_word' id='word_1_146' title='bbox 375 1974 487 2014; x_wconf 88' lang='lat' dir='ltr'><strong>locus</strong></span> <span class='ocrx_word' id='word_1_147' title='bbox 524 1978 601 2022; x_wconf 90' lang='lat' dir='ltr'><strong>est,</strong></span> <span class='ocrx_word' id='word_1_148' title='bbox 632 1988 709 2028; x_wconf 91' lang='lat' dir='ltr'><strong>quo</strong></span> <span class='ocrx_word' id='word_1_149' title='bbox 740 1974 906 2028; x_wconf 87' lang='lat' dir='ltr'><strong>Tyrium</strong></span> <span class='ocrx_word' id='word_1_150' title='bbox 938 1974 1200 2015; x_wconf 85' lang='lat' dir='ltr'><strong>Sidoniumve</strong></span> <span class='ocrx_word' id='word_1_151' title='bbox 1243 1974 1331 2014; x_wconf 86' lang='lat' dir='ltr'><strong>vias</strong></span> <span class='ocrx_word' id='word_1_152' title='bbox 1361 1986 1497 2013; x_wconf 84' lang='lat' dir='ltr'><strong>secare</strong></span> <span class='ocrx_word' id='word_1_153' title='bbox 1526 1973 1552 2012; x_wconf 91' lang='lat' dir='ltr'><strong>i.</strong></span> <span class='ocrx_word' id='word_1_154' title='bbox 1583 1987 1616 2013; x_wconf 92' lang='lat' dir='ltr'><strong>e.</strong></span> <span class='ocrx_word' id='word_1_155' title='bbox 1646 1973 1752 2013; x_wconf 89' lang='lat' dir='ltr'><strong>inter</strong></span> <span class='ocrx_word' id='word_1_156' title='bbox 1780 1975 1913 2014; x_wconf 85' lang='lat' dir='ltr'><strong>media</strong></span> 
     </span>
     <span class='ocr_line' id='line_1_23' title="bbox 259 2039 1910 2094; baseline -0.001 -14"><span class='ocrx_word' id='word_1_157' title='bbox 259 2040 332 2080; x_wconf 87' lang='lat' dir='ltr'><strong>illa</strong></span> <span class='ocrx_word' id='word_1_158' title='bbox 368 2040 586 2092; x_wconf 84' lang='lat' dir='ltr'><strong>procedere</strong></span> <span class='ocrx_word' id='word_1_159' title='bbox 616 2046 659 2082; x_wconf 86' lang='lat' dir='ltr'><strong>et</strong></span> <span class='ocrx_word' id='word_1_160' title='bbox 685 2041 809 2081; x_wconf 89' lang='lat' dir='ltr'><strong>inseri</strong></span> <span class='ocrx_word' id='word_1_161' title='bbox 837 2041 980 2093; x_wconf 89' lang='lat' dir='ltr'><strong>possit.</strong></span> <span class='ocrx_word' id='word_1_162' title='bbox 1039 2041 1179 2094; x_wconf 88' lang='lat' dir='ltr'><strong>Solum</strong></span> <span class='ocrx_word' id='word_1_163' title='bbox 1208 2040 1332 2093; x_wconf 84' lang='lat' dir='ltr'><strong>igitur</strong></span> <span class='ocrx_word' id='word_1_164' title='bbox 1360 2039 1605 2079; x_wconf 86' lang='lat' dir='ltr'><strong>Laconicum</strong></span> <span class='ocrx_word' id='word_1_165' title='bbox 1634 2052 1809 2080; x_wconf 87' lang='lat' dir='ltr'><strong>marmor</strong></span> <span class='ocrx_word' id='word_1_166' title='bbox 1837 2045 1910 2080; x_wconf 87' lang='lat' dir='ltr'><strong>aut</strong></span> 
     </span>
     <span class='ocr_line' id='line_1_24' title="bbox 261 2105 1908 2162; baseline -0.001 -14"><span class='ocrx_word' id='word_1_167' title='bbox 261 2119 375 2160; x_wconf 85' lang='lat' dir='ltr'><strong>paene</strong></span> <span class='ocrx_word' id='word_1_168' title='bbox 405 2106 535 2148; x_wconf 89' lang='lat' dir='ltr'><strong>solum</strong></span> <span class='ocrx_word' id='word_1_169' title='bbox 565 2107 772 2149; x_wconf 86' lang='lat' dir='ltr'><strong>variandae</strong></span> <span class='ocrx_word' id='word_1_170' title='bbox 802 2107 989 2162; x_wconf 89' lang='lat' dir='ltr'><strong>Synnadi</strong></span> <span class='ocrx_word' id='word_1_171' title='bbox 1016 2107 1201 2156; x_wconf 88' lang='lat' dir='ltr'><strong>inservit,</strong></span> <span class='ocrx_word' id='word_1_172' title='bbox 1231 2106 1365 2160; x_wconf 89' lang='lat' dir='ltr'><strong>Tyriis</strong></span> <span class='ocrx_word' id='word_1_173' title='bbox 1394 2105 1624 2148; x_wconf 86' lang='lat' dir='ltr'><strong>Sidoniisve</strong></span> <span class='ocrx_word' id='word_1_174' title='bbox 1653 2105 1764 2147; x_wconf 81' lang='lat' dir='ltr'><strong>saxis</strong></span> <span class='ocrx_word' id='word_1_175' title='bbox 1793 2112 1908 2159; x_wconf 78' lang='lat' dir='ltr'><strong>post-</strong></span> 
     </span>
     <span class='ocr_line' id='line_1_25' title="bbox 262 2173 429 2214; baseline 0 0"><span class='ocrx_word' id='word_1_176' title='bbox 262 2173 429 2214; x_wconf 89' lang='lat' dir='ltr'><strong>habitis.</strong></span> 
     </span>
    </p>
   </div>
   <div class='ocr_carea' id='block_1_6' title="bbox 524 2296 701 2338">
    <p class='ocr_par' dir='ltr' id='par_1_6' title="bbox 524 2296 701 2338">
     <span class='ocr_line' id='line_1_26' title="bbox 524 2296 701 2338; baseline 0.006 -1"><span class='ocrx_word' id='word_1_177' title='bbox 524 2296 617 2338; x_wconf 88' lang='lat' dir='ltr'><strong>Lib.</strong></span> <span class='ocrx_word' id='word_1_178' title='bbox 646 2297 701 2338; x_wconf 94' lang='lat' dir='ltr'><strong>II.</strong></span> 
     </span>
    </p>
   </div>
   <div class='ocr_carea' id='block_1_7' title="bbox 376 2374 1637 2494">
    <p class='ocr_par' dir='ltr' id='par_1_7' title="bbox 376 2374 1637 2494">
     <span class='ocr_line' id='line_1_27' title="bbox 376 2374 656 2423; baseline -0.004 -7"><span class='ocrx_word' id='word_1_179' title='bbox 376 2374 422 2416; x_wconf 80' lang='grc' dir='ltr'><strong>Ο.</strong></span> <span class='ocrx_word' id='word_1_180' title='bbox 454 2374 493 2423; x_wconf 93' lang='lat'><strong>1,</strong></span> <span class='ocrx_word' id='word_1_181' title='bbox 521 2387 560 2415; x_wconf 80' lang='grc' dir='ltr'><strong>ν.</strong></span> <span class='ocrx_word' id='word_1_182' title='bbox 589 2375 656 2415; x_wconf 88' lang='grc'><strong>31.</strong></span> 
     </span>
     <span class='ocr_line' id='line_1_28' title="bbox 1049 2437 1637 2494; baseline -0.005 -13"><span class='ocrx_word' id='word_1_183' title='bbox 1049 2441 1137 2494; x_wconf 86' lang='lat' dir='ltr'><strong>Ego</strong></span> <span class='ocrx_word' id='word_1_184' title='bbox 1161 2440 1285 2493; x_wconf 86' lang='lat' dir='ltr'><strong>juxta</strong></span> <span class='ocrx_word' id='word_1_185' title='bbox 1312 2440 1435 2481; x_wconf 88' lang='lat' dir='ltr'><strong>busta</strong></span> <span class='ocrx_word' id='word_1_186' title='bbox 1463 2437 1637 2492; x_wconf 86' lang='lat' dir='ltr'><strong>profusis</strong></span> 
     </span>
    </p>
   </div>
   <div class='ocr_carea' id='block_1_8' title="bbox 525 2517 1753 2727">
    <p class='ocr_par' dir='ltr' id='par_1_8' title="bbox 525 2517 1753 2727">
     <span class='ocr_line' id='line_1_29' title="bbox 530 2517 1483 2572; baseline -0.002 -14"><span class='ocrx_word' id='word_1_187' title='bbox 530 2518 735 2559; x_wconf 88' lang='lat' dir='ltr'><strong>Matribus</strong></span> <span class='ocrx_word' id='word_1_188' title='bbox 766 2523 890 2572; x_wconf 86' lang='lat' dir='ltr'><strong>atque</strong></span> <span class='ocrx_word' id='word_1_189' title='bbox 918 2518 998 2572; x_wconf 89' lang='lat' dir='ltr'><strong>piis</strong></span> <span class='ocrx_word' id='word_1_190' title='bbox 1028 2518 1153 2559; x_wconf 86' lang='lat' dir='ltr'><strong>cecini</strong></span> <span class='ocrx_word' id='word_1_191' title='bbox 1183 2517 1332 2558; x_wconf 89' lang='lat' dir='ltr'><strong>solatia</strong></span> <span class='ocrx_word' id='word_1_192' title='bbox 1360 2517 1483 2564; x_wconf 86' lang='lat' dir='ltr'><strong>natis,</strong></span> 
     </span>
     <span class='ocr_line' id='line_1_30' title="bbox 525 2590 1753 2651; baseline -0.002 -16"><span class='ocrx_word' id='word_1_193' title='bbox 525 2594 583 2635; x_wconf 87' lang='lat' dir='ltr'><strong>Et</strong></span> <span class='ocrx_word' id='word_1_194' title='bbox 611 2594 724 2644; x_wconf 90' lang='lat' dir='ltr'><strong>mihi,</strong></span> <span class='ocrx_word' id='word_1_195' title='bbox 755 2609 877 2649; x_wconf 91' lang='lat' dir='ltr'><strong>quum</strong></span> <span class='ocrx_word' id='word_1_196' title='bbox 907 2595 1091 2651; x_wconf 89' lang='lat' dir='ltr'><strong>proprios</strong></span> <span class='ocrx_word' id='word_1_197' title='bbox 1120 2607 1320 2649; x_wconf 85' lang='lat' dir='ltr'><strong>gemerem</strong></span> <span class='ocrx_word' id='word_1_198' title='bbox 1349 2594 1532 2650; x_wconf 81' lang='lat' dir='ltr'><strong>defectus</strong></span> <span class='ocrx_word' id='word_1_199' title='bbox 1560 2592 1611 2633; x_wconf 90' lang='lat' dir='ltr'><strong>ad</strong></span> <span class='ocrx_word' id='word_1_200' title='bbox 1640 2590 1753 2645; x_wconf 87' lang='lat' dir='ltr'><strong>ignes</strong></span> 
     </span>
     <span class='ocr_line' id='line_1_31' title="bbox 529 2671 1125 2727; baseline 0 -14"><span class='ocrx_word' id='word_1_201' title='bbox 529 2671 699 2727; x_wconf 83' lang='lat' dir='ltr'><strong>(Quem,</strong></span> <span class='ocrx_word' id='word_1_202' title='bbox 728 2673 921 2726; x_wconf 73' lang='lat' dir='ltr'><strong>naturai)</strong></span> <span class='ocrx_word' id='word_1_203' title='bbox 951 2678 1125 2726; x_wconf 85' lang='lat' dir='ltr'><strong>patrem.</strong></span> 
     </span>
    </p>
   </div>
   <div class='ocr_carea' id='block_1_9' title="bbox 265 2754 1922 3213">
    <p class='ocr_par' dir='ltr' id='par_1_9' title="bbox 265 2754 1922 3213">
     <span class='ocr_line' id='line_1_32' title="bbox 267 2754 1914 2814; baseline -0.002 -13"><span class='ocrx_word' id='word_1_204' title='bbox 267 2761 359 2801; x_wconf 91' lang='lat' dir='ltr'><strong>Duo</strong></span> <span class='ocrx_word' id='word_1_205' title='bbox 389 2760 474 2800; x_wconf 86' lang='lat' dir='ltr'><strong>fere</strong></span> <span class='ocrx_word' id='word_1_206' title='bbox 503 2765 613 2809; x_wconf 85' lang='lat' dir='ltr'><strong>sunt,</strong></span> <span class='ocrx_word' id='word_1_207' title='bbox 643 2773 732 2814; x_wconf 84' lang='lat' dir='ltr'><strong>quae</strong></span> <span class='ocrx_word' id='word_1_208' title='bbox 763 2760 899 2801; x_wconf 90' lang='lat' dir='ltr'><strong>mendi</strong></span> <span class='ocrx_word' id='word_1_209' title='bbox 926 2760 1035 2801; x_wconf 91' lang='lat' dir='ltr'><strong>hunc</strong></span> <span class='ocrx_word' id='word_1_210' title='bbox 1064 2761 1193 2801; x_wconf 88' lang='lat' dir='ltr'><strong>locum</strong></span> <span class='ocrx_word' id='word_1_211' title='bbox 1223 2757 1474 2799; x_wconf 89' lang='lat' dir='ltr'><strong>convincunt.</strong></span> <span class='ocrx_word' id='word_1_212' title='bbox 1518 2754 1698 2795; x_wconf 89' lang='lat' dir='ltr'><strong>Primum</strong></span> <span class='ocrx_word' id='word_1_213' title='bbox 1715 2756 1914 2808; x_wconf 88' lang='lat' dir='ltr'><strong>quomodo</strong></span> 
     </span>
     <span class='ocr_line' id='line_1_33' title="bbox 268 2822 1914 2879; baseline -0.002 -12"><span class='ocrx_word' id='word_1_214' title='bbox 268 2838 347 2867; x_wconf 91' lang='lat' dir='ltr'><strong>uno</strong></span> <span class='ocrx_word' id='word_1_215' title='bbox 378 2825 599 2879; x_wconf 86' lang='lat' dir='ltr'><strong>eodemque</strong></span> <span class='ocrx_word' id='word_1_216' title='bbox 628 2831 810 2879; x_wconf 88' lang='lat' dir='ltr'><strong>tempore</strong></span> <span class='ocrx_word' id='word_1_217' title='bbox 841 2831 884 2867; x_wconf 88' lang='lat' dir='ltr'><strong>et</strong></span> <span class='ocrx_word' id='word_1_218' title='bbox 911 2826 1061 2867; x_wconf 83' lang='lat' dir='ltr'><strong>solatia</strong></span> <span class='ocrx_word' id='word_1_219' title='bbox 1089 2826 1166 2866; x_wconf 89' lang='lat' dir='ltr'><strong>sibi</strong></span> <span class='ocrx_word' id='word_1_220' title='bbox 1195 2836 1337 2865; x_wconf 84' lang='lat' dir='ltr'><strong>canere</strong></span> <span class='ocrx_word' id='word_1_221' title='bbox 1367 2827 1408 2862; x_wconf 87' lang='lat' dir='ltr'><strong>et</strong></span> <span class='ocrx_word' id='word_1_222' title='bbox 1436 2822 1619 2861; x_wconf 82' lang='lat' dir='ltr'><strong>defectus</strong></span> <span class='ocrx_word' id='word_1_223' title='bbox 1648 2833 1808 2873; x_wconf 85' lang='lat' dir='ltr'><strong>gemere</strong></span> <span class='ocrx_word' id='word_1_224' title='bbox 1838 2835 1914 2874; x_wconf 87' lang='lat' dir='ltr'><strong>po-</strong></span> 
     </span>
     <span class='ocr_line' id='line_1_34' title="bbox 266 2886 1915 2950; baseline -0.002 -17"><span class='ocrx_word' id='word_1_225' title='bbox 266 2890 376 2933; x_wconf 84' lang='lat' dir='ltr'><strong>tuit?</strong></span> <span class='ocrx_word' id='word_1_226' title='bbox 431 2891 539 2933; x_wconf 82' lang='lat' dir='ltr'><strong>Nam</strong></span> <span class='ocrx_word' id='word_1_227' title='bbox 582 2891 685 2933; x_wconf 90' lang='lat' dir='ltr'><strong>illud</strong></span> <span class='ocrx_word' id='word_1_228' title='bbox 728 2891 911 2950; x_wconf 78' lang='lat' dir='ltr'><strong>defectus</strong></span> <span class='ocrx_word' id='word_1_229' title='bbox 948 2892 1155 2934; x_wconf 89' lang='lat' dir='ltr'><strong>adflictum</strong></span> <span class='ocrx_word' id='word_1_230' title='bbox 1185 2888 1359 2931; x_wconf 89' lang='lat' dir='ltr'><strong>animum</strong></span> <span class='ocrx_word' id='word_1_231' title='bbox 1390 2886 1592 2940; x_wconf 87' lang='lat' dir='ltr'><strong>significat</strong></span> <span class='ocrx_word' id='word_1_232' title='bbox 1620 2891 1663 2927; x_wconf 92' lang='lat' dir='ltr'><strong>et</strong></span> <span class='ocrx_word' id='word_1_233' title='bbox 1690 2886 1915 2941; x_wconf 87' lang='lat' dir='ltr'><strong>desperan-</strong></span> 
     </span>
     <span class='ocr_line' id='line_1_35' title="bbox 266 2953 1913 3011; baseline -0.002 -13"><span class='ocrx_word' id='word_1_234' title='bbox 266 2964 350 2999; x_wconf 89' lang='lat' dir='ltr'><strong>tem</strong></span> <span class='ocrx_word' id='word_1_235' title='bbox 394 2971 443 2998; x_wconf 83' lang='lat' dir='ltr'><strong>ac</strong></span> <span class='ocrx_word' id='word_1_236' title='bbox 489 2958 616 2998; x_wconf 89' lang='lat' dir='ltr'><strong>dolori</strong></span> <span class='ocrx_word' id='word_1_237' title='bbox 659 2959 781 3011; x_wconf 88' lang='lat' dir='ltr'><strong>plane</strong></span> <span class='ocrx_word' id='word_1_238' title='bbox 820 2959 1167 3005; x_wconf 81' lang='lat' dir='ltr'><strong>succumbentem3</strong></span> <span class='ocrx_word' id='word_1_239' title='bbox 1196 2956 1236 2995; x_wconf 92' lang='lat' dir='ltr'><strong>in</strong></span> <span class='ocrx_word' id='word_1_240' title='bbox 1267 2967 1344 3007; x_wconf 91' lang='lat' dir='ltr'><strong>quo</strong></span> <span class='ocrx_word' id='word_1_241' title='bbox 1374 2959 1486 2993; x_wconf 88' lang='lat' dir='ltr'><strong>statu</strong></span> <span class='ocrx_word' id='word_1_242' title='bbox 1516 2953 1583 3005; x_wconf 91' lang='lat' dir='ltr'><strong>qui</strong></span> <span class='ocrx_word' id='word_1_243' title='bbox 1613 2958 1723 3000; x_wconf 88' lang='lat' dir='ltr'><strong>sunt,</strong></span> <span class='ocrx_word' id='word_1_244' title='bbox 1752 2959 1913 2995; x_wconf 87' lang='lat' dir='ltr'><strong>tantum</strong></span> 
     </span>
     <span class='ocr_line' id='line_1_36' title="bbox 265 3018 1913 3078; baseline -0.002 -13"><span class='ocrx_word' id='word_1_245' title='bbox 265 3024 398 3073; x_wconf 88' lang='lat' dir='ltr'><strong>abest,</strong></span> <span class='ocrx_word' id='word_1_246' title='bbox 427 3028 474 3065; x_wconf 89' lang='lat' dir='ltr'><strong>ut</strong></span> <span class='ocrx_word' id='word_1_247' title='bbox 502 3036 546 3065; x_wconf 85' lang='lat' dir='ltr'><strong>se</strong></span> <span class='ocrx_word' id='word_1_248' title='bbox 573 3023 654 3077; x_wconf 91' lang='lat' dir='ltr'><strong>ipsi</strong></span> <span class='ocrx_word' id='word_1_249' title='bbox 684 3024 883 3066; x_wconf 90' lang='lat' dir='ltr'><strong>consolari</strong></span> <span class='ocrx_word' id='word_1_250' title='bbox 911 3024 1080 3078; x_wconf 90' lang='lat' dir='ltr'><strong>possint,</strong></span> <span class='ocrx_word' id='word_1_251' title='bbox 1110 3026 1156 3062; x_wconf 88' lang='lat' dir='ltr'><strong>ut</strong></span> <span class='ocrx_word' id='word_1_252' title='bbox 1183 3020 1252 3061; x_wconf 89' lang='lat' dir='ltr'><strong>vix</strong></span> <span class='ocrx_word' id='word_1_253' title='bbox 1281 3019 1450 3060; x_wconf 86' lang='lat' dir='ltr'><strong>aliorum</strong></span> <span class='ocrx_word' id='word_1_254' title='bbox 1480 3018 1661 3072; x_wconf 87' lang='lat' dir='ltr'><strong>alloquia</strong></span> <span class='ocrx_word' id='word_1_255' title='bbox 1686 3019 1913 3071; x_wconf 85' lang='lat' dir='ltr'><strong>patiantur.</strong></span> 
     </span>
     <span class='ocr_line' id='line_1_37' title="bbox 266 3085 1919 3147; baseline -0.002 -16"><span class='ocrx_word' id='word_1_256' title='bbox 266 3090 440 3139; x_wconf 84' lang='lat' dir='ltr'><strong>Deinde,</strong></span> <span class='ocrx_word' id='word_1_257' title='bbox 470 3090 505 3130; x_wconf 88' lang='lat' dir='ltr'><strong>si</strong></span> <span class='ocrx_word' id='word_1_258' title='bbox 536 3103 631 3131; x_wconf 84' lang='lat' dir='ltr'><strong>mox</strong></span> <span class='ocrx_word' id='word_1_259' title='bbox 651 3097 820 3147; x_wconf 75' lang='lat' dir='ltr'><strong>patrem</strong></span> <span class='ocrx_word' id='word_1_260' title='bbox 852 3096 942 3132; x_wconf 86' lang='lat' dir='ltr'><strong>erat</strong></span> <span class='ocrx_word' id='word_1_261' title='bbox 970 3088 1263 3143; x_wconf 82' lang='lat' dir='ltr'><strong>appellaturus,</strong></span> <span class='ocrx_word' id='word_1_262' title='bbox 1293 3085 1389 3139; x_wconf 83' lang='lat' dir='ltr'><strong>quid</strong></span> <span class='ocrx_word' id='word_1_263' title='bbox 1420 3088 1522 3133; x_wconf 71' lang='lat' dir='ltr'><strong>erat,</strong></span> <span class='ocrx_word' id='word_1_264' title='bbox 1552 3098 1622 3125; x_wconf 89' lang='lat' dir='ltr'><strong>cur</strong></span> <span class='ocrx_word' id='word_1_265' title='bbox 1651 3085 1708 3125; x_wconf 83' lang='lat' dir='ltr'><strong>ad</strong></span> <span class='ocrx_word' id='word_1_266' title='bbox 1717 3087 1919 3142; x_wconf 78' lang='lat' dir='ltr'><strong>proprios</strong></span> 
     </span>
     <span class='ocr_line' id='line_1_38' title="bbox 266 3152 1922 3213; baseline -0.002 -15"><span class='ocrx_word' id='word_1_267' title='bbox 266 3157 380 3212; x_wconf 73' lang='lat' dir='ltr'><strong>iqnee</strong></span> <span class='ocrx_word' id='word_1_268' title='bbox 425 3156 724 3211; x_wconf 76' lang='lat' dir='ltr'><strong>praemitteret?</strong></span> <span class='ocrx_word' id='word_1_269' title='bbox 778 3158 955 3205; x_wconf 79' lang='lat' dir='ltr'><strong>Rectum</strong></span> <span class='ocrx_word' id='word_1_270' title='bbox 993 3166 1114 3202; x_wconf 81' lang='lat' dir='ltr'><strong>unum</strong></span> <span class='ocrx_word' id='word_1_271' title='bbox 1143 3152 1385 3201; x_wconf 76' lang='lat' dir='ltr'><strong>alterutrum</strong></span> <span class='ocrx_word' id='word_1_272' title='bbox 1417 3155 1528 3207; x_wconf 77' lang='lat' dir='ltr'><strong>erat3</strong></span> <span class='ocrx_word' id='word_1_273' title='bbox 1555 3155 1631 3192; x_wconf 87' lang='lat' dir='ltr'><strong>aut</strong></span> <span class='ocrx_word' id='word_1_274' title='bbox 1650 3158 1819 3213; x_wconf 77' lang='lat' dir='ltr'><strong>patrem</strong></span> <span class='ocrx_word' id='word_1_275' title='bbox 1847 3158 1922 3197; x_wconf 86' lang='lat' dir='ltr'><strong>aut</strong></span> 
     </span>
    </p>
   </div>
  </div>
 </body>
</html>
