2353 3751
637 373 769 412 Studia
796 373 935 412 critica
962 376 1002 412 in
1029 375 1226 424 papinium
1253 377 1427 415 Statium.
1838 384 1890 420 39

243 482 334 525 Hoc
361 487 446 524 est:
484 479 643 526 ”Durus
672 484 874 540 Orpbeus,
903 486 939 528 si
967 487 1222 539 --.invenit,
1251 491 1374 532 durus
1404 491 1568 544 Apollo,
1597 490 1629 533 si
1648 508 1793 536 -non
1823 501 1892 538 ta-

242 545 365 590 cuit.”
420 549 634 592 Molestior
676 552 840 605 quidem
854 554 1089 596 xverborum
1119 556 1359 609 compositio
1389 562 1475 606 est;
1504 558 1577 597 sed
1607 565 1681 599 aut
1712 559 1786 601 illa
1813 564 1889 603 ad-

243 613 449 656 mittenda
475 621 550 661 aut
577 630 722 659 sensus
751 618 828 660 loci
858 620 1044 663 funditus
1073 622 1238 675 peribit.

828 762 1303 867 Achilleis,

350 914 443 956 Lib.
472 917 508 966 Ι,
537 931 576 958 v.
609 914 702 960 174.

497 994 734 1049 Insequitur
762 1010 908 1051 magno
932 998 1019 1050 Jam
1049 1011 1157 1039 nuno
1186 1011 1394 1040 connexus
1424 1010 1562 1038 amore

498 1070 715 1113 Patroclus
743 1074 953 1127 tantisque
982 1075 1219 1116 extenditur
1247 1075 1417 1116 aemulus
1447 1074 1565 1123 actis,

496 1147 581 1189 Par
608 1143 756 1190 studiis
784 1149 939 1204 aevique
968 1151 1112 1200 modis,
1147 1151 1220 1192 sed
1248 1152 1392 1193 robore
1421 1151 1555 1205 longe,

492 1225 550 1266 Et
577 1230 717 1267 tamen
745 1228 892 1281 aequali
920 1225 1081 1269 visurus
1109 1229 1314 1283 Pergama
1342 1230 1442 1270 fato.

234 1311 427 1366 Apparet
454 1318 619 1365 poetam
647 1314 725 1356 hoc
752 1316 871 1364 velle,
901 1316 1038 1357 omnia
1064 1316 1106 1357 in
1135 1316 1299 1358 Achille
1328 1323 1372 1358 et
1398 1316 1591 1357 Patroclo
1621 1329 1747 1370 prope
1767 1316 1887 1369 paria

235 1383 280 1418 et
306 1378 482 1432 aequalia
509 1379 649 1420 fuisse.
708 1380 784 1421 Cui
813 1381 1027 1422 sententiae
1055 1383 1184 1423 verba
1211 1382 1283 1423 sed
1310 1382 1456 1423 robore
1484 1381 1601 1437 lonye
1631 1395 1677 1422 eo
1707 1382 1885 1423 manife-

234 1444 340 1485 stius
382 1451 626 1498 repugnant,
671 1448 778 1499 quod
806 1449 924 1488 modo
953 1449 1142 1488 aemulum
1171 1448 1347 1489 Achillis
1379 1449 1614 1489 Patroclum
1645 1448 1885 1500 appellavit.

233 1510 393 1551 Deinde
407 1510 450 1551 id
468 1512 575 1564 quod
592 1517 656 1553 est
672 1519 807 1553 tamen
822 1513 978 1554 nullum
995 1513 1062 1554 hic
1077 1526 1240 1555 sensum
1256 1514 1394 1555 habet.
1426 1507 1695 1555 Scribendum
1709 1513 1885 1555 videtur:

492 1588 576 1628 Par
603 1588 750 1630 studiis
779 1589 934 1642 aevique
964 1589 1094 1630 modis
1123 1603 1196 1630 nec
1223 1590 1368 1631 robore
1398 1590 1531 1643 longe,

491 1666 550 1705 Et
578 1666 743 1716 tandem
773 1667 922 1720 aequali
950 1667 1112 1707 visurus
1141 1667 1346 1720 Pergama
1375 1668 1475 1707 fato.

304 1761 307 1765 ’
340 1785 379 1814 v.
412 1772 506 1815 355.

751 1842 815 1882 Tu
844 1843 986 1894 frange
1014 1843 1190 1894 regendo

750 1917 972 1960 Indocilem
1003 1931 1226 1972 sexumque
1254 1923 1363 1960 tene.

229 1999 408 2044 ”Sexum
437 2001 598 2046 tenere”
628 2006 724 2059 quid
753 2006 810 2046 sit
837 2019 918 2047 non
946 2006 1144 2059 intelligo.
1188 2005 1287 2047 Sine
1317 2006 1440 2047 dubio
1468 2006 1667 2059 scriptum
1697 2005 1796 2046 fuit:
1820 2019 1884 2046 se-

227 2083 363 2125 mque
391 2076 479 2111 tene
506 2071 533 2111 i.
565 2084 599 2112 e.
630 2069 761 2112 ”intra
788 2073 889 2113 fines
919 2072 1128 2113 muliebris
1158 2084 1281 2112 sexus
1311 2069 1484 2112 coerce.''

338 2193 377 2221 v·
407 2180 501 2221 528.

749 2248 812 2288 Tu
840 2248 939 2289 diva
965 2248 1170 2301 profundi,

746 2325 804 2365 Et
832 2339 896 2367 me
925 2326 1117 2367 Phoebus
1146 2326 1246 2379 agit.

225 2413 306 2453 Pro
349 2419 387 2453 et
423 2412 652 2453 necessario
682 2420 726 2453 at
753 2414 1026 2455 scribendum.
1083 2412 1151 2456 ”Si
1179 2420 1226 2455 tu
1254 2415 1428 2468 aequoris
1457 2416 1548 2463 dea,
1578 2419 1624 2455 at
1652 2427 1739 2467 ego,
1770 2414 1877 2467 quod

225 2491 306 2520 non
334 2478 469 2520 minus
498 2483 576 2528 est,
603 2478 762 2521 Phoebi
792 2485 912 2522 vates
941 2477 1068 2522 sum.”
1546 2492 1549 2494 ⁴

333 2601 372 2629 v.
402 2584 496 2629 657.

481 2665 575 2711 Sed,
595 2670 716 2719 pater
743 2672 841 2707 ante
867 2667 953 2720 igni
981 2668 1168 2722 ferroque
1197 2667 1337 2709 excisa
1358 2667 1517 2720 Jacebit

480 2744 631 2797 Scyros
659 2748 703 2784 et
727 2743 771 2784 in
799 2744 981 2785 tumidas
1008 2745 1130 2786 ibunt
1157 2745 1245 2785 haec
1271 2757 1393 2785 versa
1419 2744 1620 2796 procellas

480 2820 647 2862 Moenia
674 2832 796 2873 quam
826 2832 934 2861 saevo
963 2833 1057 2861 mea
1084 2827 1131 2862 tu
1161 2820 1364 2862 connubia
1390 2821 1541 2873 perdas

479 2900 653 2940 Funere.
708 2898 802 2939 Non
831 2898 934 2939 adeo
962 2898 1197 2951 parebimus
1226 2898 1364 2939 omnia
1390 2897 1526 2939 matri.

217 2986 275 3028 Et
303 2986 478 3029 ridicula
503 2987 578 3029 illa
606 2985 840 3030 distributio
870 2991 913 3027 et
949 2986 1129 3028 absurda
1149 2993 1276 3043 pater
1303 2986 1407 3042 iqui,
1427 2986 1550 3045 ferro
1579 2985 1732 3043 Scyros
1752 2985 1873 3044 jace-

218 3054 278 3096 bit
306 3059 351 3096 et
377 3055 590 3108 perinepte
617 3055 681 3096 ita
708 3054 886 3109 loquitur
914 3053 1112 3103 Achillem
1143 3054 1260 3108 quasi
1290 3054 1331 3115 in
1359 3055 1452 3108 ipsa
1479 3059 1610 3096 morte
1638 3054 1742 3095 nihil
1756 3067 1873 3097 acer-

215 3119 308 3162 bius
349 3120 498 3175 virgini
540 3122 725 3163 futurum
768 3126 878 3163 esset
912 3133 1035 3174 quam
1067 3120 1242 3175 conjugii
1270 3121 1405 3171 istius,
1435 3122 1543 3175 quod
1571 3126 1711 3162 tamen
1741 3119 1874 3162 invita

312 3203 347 3235 C.
364 3204 399 3233 Β.
416 3204 610 3232 διηιὶιῑτδιιιε
623 3206 767 3240 Papinius
785 3205 905 3232 Stati-s.
1788 3204 1807 3230 4
