2396 3725
654 343 784 379 Studia
811 342 951 379 Critian.
977 343 1017 378 in
1046 340 1243 387 Papinium
1271 341 1447 377 Statium.
1853 344 1905 379 23

365 468 404 496 v.
432 452 501 496 75.

520 530 718 573 Attendit
743 535 862 572 torvo
891 530 1025 572 tristis
1051 529 1309 573 Rhamnusia
1334 528 1468 578 vultu,

520 607 586 649 Ac
613 607 788 661 primum
817 607 1083 662 implevitque
1112 612 1223 649 toros
1252 606 1460 661 oculisque
1487 605 1661 648 nitorem

519 684 697 727 Addidit
725 690 769 726 et
796 685 916 727 solito
945 671 1159 727 sublimius
1188 697 1269 726 ora*
1288 682 1457 732 levavit,

519 761 626 809 Heu,
655 761 801 802 misero
831 762 957 803 letale
985 763 1130 804 favens
1158 774 1329 815 seseque
1357 760 1534 802 videndo

514 836 654 880 Torsit
682 842 725 879 et
752 837 908 880 invidia
936 843 1188 894 mortemque
1215 837 1410 891 amplexa
1430 836 1589 890 jacenti

495 911 664 967 *Injecit
691 927 821 957 nexus
852 915 1086 970 carpsitque
1115 914 1286 957 immitis
1315 914 1478 955 adunca

517 991 604 1034 Ora
630 992 809 1034 verenda
837 1005 974 1035 manu.

253 1089 372 1138 Quod
399 1089 441 1131 in
471 1090 606 1132 verbis
637 1090 816 1133 videndo
845 1098 883 1133 et
911 1091 1075 1133 invidia
1103 1105 1145 1134 se
1174 1090 1294 1133 torsit
1316 1089 1456 1138 ,lusum
1485 1089 1664 1144 aliquem
1693 1090 1910 1133 verborum

251 1156 444 1210 quaesisse
488 1162 654 1210 poetam
696 1157 860 1207 volunt,
905 1163 991 1199 tam
1035 1158 1174 1211 inepte
1216 1162 1260 1198 et
1287 1156 1466 1197 infacete
1496 1156 1635 1197 ludere
1664 1169 1909 1211 quemquam

249 1222 491 1265 sustinuisse
519 1222 590 1264 vix
619 1223 811 1265 credibile
843 1230 919 1265 est.
985 1225 1089 1265 Tum
1126 1224 1228 1264 illud
1257 1222 1664 1264 animadvertendum
1696 1228 1774 1272 est,
1802 1223 1909 1265 inci-

251 1301 346 1341 pere
388 1288 495 1330 hanc
536 1288 783 1330 narrationis
830 1295 991 1343 partem
1035 1302 1061 1330 a
1096 1289 1272 1331 formula
1299 1302 1349 1330 ae
1370 1289 1585 1345 primum.-
1612 1288 1676 1330 cui
1706 1290 1813 1343 quod
1842 1303 1909 1331 re-

255 1356 455 1410 spondere
484 1355 675 1405 debebat,
706 1356 803 1397 inde
830 1356 895 1398 vel
924 1356 1085 1406 deinde,
1114 1361 1162 1397 ut
1190 1369 1297 1397 nunc
1325 1355 1487 1410 quidem
1517 1355 1629 1397 locus
1659 1355 1909 1398 constitutus

254 1427 332 1472 est,
360 1435 560 1477 nusquam
589 1427 812 1476 comparet.
868 1423 1028 1465 Deinde
1064 1429 1312 1478 mortemque
1340 1420 1533 1478 amplexa
1560 1422 1658 1477 quid
1687 1422 1766 1463 sibi
1795 1422 1909 1472 velit,

251 1501 382 1538 nemo,
411 1489 566 1541 opinor,
595 1488 865 1541 probabiliter
892 1489 1121 1542 explicarit.
1180 1489 1264 1530 Cur
1292 1488 1397 1529 enim
1427 1489 1603 1529 Mortem
1633 1488 1797 1529 Invidia
1819 1502 1910 1530 am-

251 1554 530 1608 plecteretur?
585 1555 748 1604 Ideone,
791 1560 839 1597 ut
865 1555 940 1597 illa
967 1569 1012 1598 se
1040 1568 1210 1609 puerum
1240 1554 1466 1608 opprimere
1495 1553 1735 1607 pateretur?
1789 1555 1910 1596 Unde

250 1620 327 1662 hoc
367 1621 550 1675 intellegi
587 1620 754 1675 potest?
809 1621 878 1662 An
907 1627 956 1662 ut
982 1622 1094 1663 Mors
1123 1622 1216 1675 ipsa
1243 1621 1356 1661 socia
1382 1620 1460 1661 sibi
1491 1626 1534 1662 et
1562 1620 1743 1673 adjutrix
1773 1621 1912 1662 esset?

251 1688 378 1742 Cujus
421 1688 535 1730 nulla
563 1692 711 1742 postea
745 1688 897 1730 mentio
926 1688 999 1740 fit3
1027 1687 1285 1730 Rhamnusia
1311 1700 1441 1729 nexus
1469 1687 1625 1741 injecit,
1653 1687 1910 1730 Rhamnusia

250 1767 322 1797 ora
365 1755 577 1797 laceravit.
635 1755 815 1797 Videtur
854 1755 898 1797 in
939 1755 1048 1797 hanc
1089 1754 1340 1797 senteutiam
1383 1758 1508 1808 poeta
1549 1753 1784 1808 scripsisse3
1813 1767 1908 1797 nam

254 1822 382 1864 verba
415 1821 509 1876 ipsa
536 1826 734 1876 praestare
764 1835 844 1864 non
874 1823 1071 1864 audeam:
1833 1813 1835 1816 ¹

1039 1900 1221 1954 Seseque
1249 1898 1425 1941 videndo

514 1977 675 2029 Torsit3
704 1984 747 2019 at
775 1978 873 2020 inde
902 1977 1047 2020 avidos
1074 1983 1213 2019 artum
1241 1974 1455 2033 comple-va
1478 1976 1636 2030 jacenti

514 2054 663 2109 InJecit
690 2067 833 2097 nexus.

251 2154 395 2197 Nexus
424 2153 679 2197 brachiorum
717 2153 913 2209 intelligo.
971 2152 1121 2211 (Baeh.
1149 2152 1273 2196 torsit
1301 2153 1353 2195 ab
1382 2152 1538 2195 invidia
1565 2152 1790 2207 mortisque
1820 2164 1910 2193 am-

249 2221 410 2278 plexa.)

359 2323 414 2364 V.
442 2321 509 2364 82.

1033 2386 1127 2429 Non
1155 2385 1303 2428 saevius
1332 2391 1446 2429 atros

509 2464 726 2518 Nigrasset
756 2464 925 2517 planctu
955 2463 1142 2517 genetrix
1169 2463 1248 2504 sibi
1277 2475 1388 2504 saeva
1416 2464 1605 2505 lacertos.

244 2563 428 2604 Verbum
457 2563 606 2604 eoevius
637 2576 708 2604 cur
737 2575 820 2615 prae
850 2561 997 2603 ceteris
1034 2561 1289 2610 sollicitetur,
1319 2561 1419 2602 nihil
1449 2574 1583 2602 causae
1612 2566 1688 2602 est.
1746 2561 1903 2602 Intole-

244 2628 374 2671 rabile
415 2642 531 2671 vero:
575 2635 688 2671 atros
719 2627 893 2670 lacertos
922 2628 1091 2682 nigrare
1119 2641 1249 2681 neque
1279 2640 1339 2676 eo,
1370 2627 1476 2681 quod
1505 2627 1697 2668 Lucanus
1727 2633 1821 2667 atra
1834 2650 1836 2652 >
1849 2625 1903 2668 li-

246 2701 379 2738 ventes
407 2693 580 2737 lacertos
608 2693 685 2751 (11,
717 2691 793 2751 37)
822 2693 942 2743 dixit,
972 2693 1219 2735 defenditur.
1277 2692 1360 2734 Sed
1391 2691 1555 2734 lacertis
1584 2692 1796 2747 epitheton
1816 2692 1904 2734 sine

246 2762 368 2804 dubio
415 2762 529 2804 dedit
574 2767 710 2815 poeta,
754 2766 801 2801 ut
845 2760 981 2813 potius
1024 2760 1227 2815 niqrasset
1265 2772 1385 2813 quam
1415 2766 1531 2800 atras
1558 2760 1600 2800 in
1630 2760 1901 2813 suspicionem

248 2829 491 2872 vocaverim.
536 2828 717 2871 Restant
744 2827 871 2868 verba
891 2825 973 2868 sibi
988 2840 1110 2876 soeva,
1126 2826 1286 2880 quibus,
1302 2825 1338 2867 si
1353 2825 1500 2868 saevius
1516 2826 1752 2876 retinemus,
1767 2826 1903 2868 nullus

245 2895 312 2938 hic
339 2896 452 2938 locus
482 2896 559 2938 est.
620 2894 908 2948 Corrigendum
937 2897 1059 2945 puto:

1028 2969 1122 3011 Nou
1150 2968 1298 3011 saevius
1327 2974 1440 3012 atros

509 3048 729 3092 Foedasset
756 3047 926 3103 planctu
954 3046 1154 3102 genetrix,
1183 3046 1221 3088 si
1249 3046 1358 3098 viva,
1387 3047 1576 3090 lacertos.

378 3143 412 3174 c.
432 3144 468 3172 x.
487 3143 685 3172 sno-trem
701 3143 847 3179 ιἰρωιιι
863 3123 983 3170 snus·-
1822 3141 1838 3168 ³
