2396 3725
470 338 523 375 22
1113 338 1154 376 0.
1183 339 1225 376 Ε.
1255 338 1482 378 Sandstrfim.

469 452 568 502 Ubi,
611 453 646 495 si
689 453 920 496 Rhoeteum
965 466 1223 507 reponamu8‚
1254 454 1414 496 etiamsi
1445 455 1571 504 nulla,
1601 455 1707 509 quod
1735 453 1919 502 viderim,
1948 451 2126 504 scriptu-

471 532 526 559 rae
570 520 850 574 discrepantia
879 521 1117 569 adnotatur,
1148 522 1380 562 salebrosus
1409 522 1565 563 oriatur
1593 534 1734 563 versus
1763 534 1812 562 ac
1840 533 1938 561 sono
1967 531 2130 572 prorsus

466 586 730 629 intolerabili.

579 688 619 716 v.
648 674 716 717 48.

732 752 828 793 Jam
858 754 988 805 pudor
1015 753 1195 793 innocuae
1225 752 1375 792 mentis
1404 752 1706 804 tranquillaque
1735 764 1889 792 morum

732 828 967 882 Temperies
995 834 1214 881 teneroque
1244 826 1403 868 animus
1433 827 1630 869 maturior
1658 840 1758 877 teve,

735 905 925 946 Carmine
954 918 1032 958 quo
1062 910 1161 945 nota
1190 917 1278 944 esse
1308 904 1488 956 queant?

472 1004 587 1045 Nota
616 1019 698 1044 esse
725 1004 998 1045 Baehrensius
1029 1017 1078 1045 ex
1109 1004 1343 1055 conjectura
1371 1003 1619 1044 Marklandi.
1666 1003 1749 1044 Sed
1779 1000 2030 1055 praeteritum
2061 1000 2126 1040 in-

470 1071 630 1119 finitivi,
674 1083 768 1111 num
813 1069 1000 1111 aoristice
1045 1070 1169 1111 etiam
1212 1069 1252 1111 in
1298 1069 1462 1122 passivo
1509 1082 1654 1123 genere
1691 1073 1929 1121 usurpetur,
1959 1071 2005 1107 ut
2033 1072 2130 1107 nota

472 1150 555 1176 esse
612 1149 683 1188 pro
728 1137 973 1176 innotescere
1030 1136 1158 1188 accipi
1202 1136 1347 1188 possit,
1400 1136 1660 1176 vehementer
1704 1135 1859 1175 dubito.
1932 1132 2128 1174 Codicum

469 1202 675 1255 scriptura
697 1208 865 1257 potasse
894 1208 1043 1257 queant
1072 1215 1188 1255 paene
1218 1215 1341 1243 manu
1372 1202 1423 1243 ad
1454 1201 1670 1242 veritatem
1702 1200 1836 1242 ducit:

1252 1278 1442 1320 Carmine
1472 1291 1550 1332 quo
1573 1278 1763 1333 patuisse
1792 1275 1973 1331 queant?

578 1370 617 1397 v.
649 1355 716 1398 60.

741 1422 777 1464 Ο
811 1434 933 1476 quam
965 1422 1122 1464 divitiis
1153 1434 1356 1475 censuque
1386 1427 1535 1463 exutus
1565 1422 1698 1476 opimo

729 1499 903 1548 Fortior,
932 1500 1052 1549 Urse,
1083 1501 1209 1541 fores!
1267 1500 1313 1541 Si
1342 1499 1407 1540 vel
1438 1500 1622 1540 fumante
1651 1499 1769 1540 ruina

728 1579 980 1619 Ructassent
1010 1578 1116 1619 dites
1145 1578 1358 1619 Vesuvina
1386 1577 1575 1617 incendia
1602 1577 1768 1626 Locros,

728 1656 812 1698 Seu
841 1654 1096 1697 Pollentinos
1125 1655 1363 1708 mersissent
1397 1654 1565 1697 flumina
1592 1654 1739 1705 saltus,

730 1733 814 1775 Seu
843 1733 1037 1774 Lucanus
1067 1747 1163 1788 ager
1192 1747 1265 1775 seu
1294 1733 1515 1788 Thybridis
1543 1733 1723 1786 impetus
1754 1733 1862 1774 altas

728 1812 777 1851 In
808 1812 997 1851 dextrum
1027 1812 1216 1852 torsisset
1246 1824 1387 1864 aquas.

468 1887 651 1931 Primum
681 1900 719 1929 v·
749 1887 804 1930 62
832 1888 893 1929 ita
923 1889 1200 1942 corrigendum
1231 1895 1352 1942 puto:

736 1965 971 2007 Vasta-ssent
1000 1967 1107 2008 dites
1136 1967 1349 2007 Vesuvina
1377 1965 1565 2007 incendia
1594 1963 1726 2006 colles.

469 2062 577 2105 Nam
620 2062 722 2104 illud
766 2062 938 2112 Locros,
982 2078 1061 2105 non
1105 2064 1235 2117 magis
1273 2077 1298 2104 a
1327 2064 1463 2105 Statio
1493 2065 1719 2117 profectum
1750 2063 1868 2104 credo
1898 2076 2019 2120 quam
2050 2071 2125 2105 aut

468 2128 708 2170 Molorchus
737 2126 839 2170 Silv.
868 2130 945 2170 ΙΙΙ.
979 2140 1025 2178 ΙΙ,
1055 2131 1108 2171 30
1138 2135 1212 2170 aut
1244 2129 1471 2170 Menandri
1499 2129 1600 2169 Silv.
1631 2130 1707 2178 ΙΙΙ,
1736 2143 1777 2178 v,
1804 2128 1858 2169 93
1887 2130 1951 2170 vel
1980 2130 2022 2170 in
2053 2143 2124 2171 eo-

469 2197 562 2237 dem
600 2195 777 2236 carmine
815 2196 922 2249 quod
958 2197 1107 2250 legitur
1134 2195 1351 2238 Meliboea.
1407 2197 1465 2237 Et
1495 2196 1656 2237 omnino
1686 2196 1738 2237 ad
1768 2196 1932 2237 nomina
1960 2196 2125 2250 propria

472 2262 728 2317 potissimum
759 2262 1051 2312 concinnanda,
1081 2263 1220 2304 sicubi*
1246 2259 1446 2312 haesisset,
1491 2262 1718 2317 confugisse
1742 2262 1905 2304 videtur
1934 2263 2126 2305 librarius

472 2330 522 2377 is,
562 2330 798 2381 cuicumque
842 2330 929 2369 haec
972 2343 1059 2382 quae
1102 2331 1143 2370 in
1183 2330 1308 2370 Silvis
1339 2330 1514 2381 plurima
1543 2335 1710 2369 exstant
1740 2331 1888 2370 menda
1917 2331 2124 2370 debemus.

469 2394 629 2436 Deinde
659 2408 697 2435 v.
727 2394 794 2443 64,
825 2396 1162 2448 quemadmodum
1193 2396 1233 2437 in
1264 2396 1464 2449 prioribus
1494 2409 1583 2437 cum
1613 2395 1794 2437 Vesuvio
1825 2396 1980 2437 vastati
2004 2395 2124 2438 Locri

470 2461 535 2500 vel
580 2461 715 2508 colles,
760 2474 850 2501 cum
894 2462 1125 2503 fluminibus
1162 2462 1282 2502 mersi
1313 2462 1444 2502 saltus
1472 2462 1692 2502 Pollentini
1723 2463 2034 2515 conjunguntur,
2063 2462 2126 2503 ita

469 2526 536 2567 hic
579 2540 737 2579 quoque
780 2528 987 2577 damnum,
1031 2529 1136 2582 quod
1166 2529 1219 2569 ab
1249 2528 1465 2569 inundanti
1494 2528 1631 2568 Tiberi
1661 2533 1875 2581 acceptum
1905 2528 2126 2582 cogitatur,

469 2591 636 2646 propius
681 2592 838 2634 definiri
881 2594 1017 2636 debet.
1075 2594 1194 2635 Unde
1238 2594 1420 2648 suspicor
1463 2594 1693 2647 hujusmodi
1738 2594 1892 2649 aliquid
1932 2607 1959 2636 a
1987 2594 2127 2637 Statio

471 2658 691 2711 scriptum:

733 2747 873 2800 Quave
900 2749 1084 2792 Latinus
1113 2764 1210 2804 ager
1238 2752 1276 2791 si
1304 2750 1525 2805 Thybridis
1553 2750 1733 2803 impetus
1763 2749 1872 2791 altas

730 2826 777 2867 In
807 2826 996 2869 dextrum
1026 2828 1214 2870 torsisset
1242 2841 1383 2883 aquas.

469 2925 577 2966 Nam
621 2937 749 2979 quave
791 2928 1057 2978 praecedentis
1101 2942 1243 2970 versus
1286 2928 1415 2982 primo
1452 2925 1651 2968 vocabulo
1682 2926 1790 2977 (seu)
1820 2924 1940 2965 facile
1970 2924 2124 2977 expelli

466 2991 623 3045 potuit:
667 3003 744 3043 quo
788 2993 896 3034 facto
940 2995 1058 3034 metri
1096 2995 1287 3036 fulciendi
1318 3007 1444 3035 causa
1471 2992 1654 3034 Latinus
1682 2991 1722 3031 in
1752 2989 1953 3032 Lucanus
1982 2995 2119 3031 muta-

467 3062 578 3101 runt.
