2337 3714
630 354 760 390 Studia
788 353 926 390 Critioa
945 355 994 401 ,in
1023 352 1219 398 Papinium
1248 353 1421 389 Statium.
1813 355 1865 390 25

479 465 563 506 Sed
592 469 639 504 tu
667 463 787 516 signa
814 463 948 512 dabis,
976 464 1048 504 sed
1077 469 1120 504 te
1150 464 1252 504 duce
1281 463 1445 505 Graecia
1473 464 1616 506 mittet

477 541 535 581 Et
564 540 692 581 Sidon
721 538 922 593 Nilusque
951 545 1077 580 rates.

213 629 280 669 Ex
308 641 387 682 quo
416 628 518 677 loco,
547 626 644 669 licet
672 640 752 669 non
782 628 900 669 modo
930 628 1160 677 mendosus,
1189 629 1276 678 sed,
1305 633 1353 670 ιιι
1382 627 1480 670 ιιιίῙιί
1512 628 1676 683 quidem
1691 628 1867 680 videtur,

214 694 340 736 etiam
383 694 599 737 mutilatus
644 693 714 744 sit,
756 694 833 736 hoc
869 700 1008 736 tamen
1051 694 1298 750 intelligitur
1334 694 1375 736 in
1405 694 1719 749 septentrionali
1749 702 1868 749 parte

215 762 317 802 coeli
360 761 609 815 Vespasiani
654 761 767 802 illam
810 762 974 802 stellam
1004 762 1144 810 locari,
1173 768 1221 803 ut
1248 762 1343 803 inde
1373 762 1540 803 navium
1570 776 1727 810 cursus,
1755 776 1868 817 aeque

216 841 264 868 ac
307 827 520 882 Cynosura
562 832 605 868 et
646 827 802 877 Helice,
839 827 1012 881 dirigere
1041 827 1186 881 possit.
1244 827 1364 875 Quod
1394 828 1482 870 sive
1512 835 1637 881 poeta
1666 828 1754 882 ipse
1783 829 1869 882 pri-

215 906 304 933 mus
335 893 504 943 invenit,
534 894 654 947 quod,
683 898 892 947 tamquam
924 892 1073 935 Castor
1101 900 1144 934 et
1171 895 1334 943 Pollux,
1365 894 1424 934 sic
1453 895 1740 947 Vespasianus
1767 908 1870 948 quo-

214 973 292 1012 que
337 961 480 1001 decore
523 961 754 1013 fingeretur,
785 973 875 1013 quae
904 960 1087 1013 pericula
1117 960 1223 1001 inter
1252 961 1447 1001 mortales
1477 960 1641 1001 fortiter
1669 961 1868 1002 feliciter-

214 1038 291 1078 que
334 1030 582 1079 superasset,
629 1038 680 1066 ex
722 1024 773 1065 iis
810 1026 897 1078 jam
942 1025 1042 1066 deus
1085 1026 1220 1066 factus
1250 1025 1353 1066 alios
1384 1039 1472 1067 esse
1503 1032 1736 1079 erepturus:
1765 1026 1867 1075 sive,

214 1092 321 1144 quod
365 1093 449 1132 fere
493 1091 726 1133 credibilius
770 1097 847 1140 est,
883 1094 1007 1145 quum
1037 1091 1096 1132 sic
1125 1092 1213 1133 sine
1243 1092 1328 1132 ulla
1357 1092 1573 1133 dubitandi
1611 1093 1865 1147 eligendique

213 1156 509 1211 significatione
537 1156 713 1211 scriptor
741 1157 944 1212 loquatur,
981 1163 1100 1199 vetus
1124 1158 1212 1211 ,iam
1243 1156 1327 1199 ista
1356 1164 1398 1200 et
1427 1158 1586 1200 usitata
1614 1159 1863 1213 Vespasiani

213 1224 396 1265 adulatio
433 1224 526 1273 fuit,
563 1225 738 1265 fortasse
774 1225 827 1264 ab
856 1224 1060 1277 astrologo
1089 1226 1289 1277 profecta,
1318 1225 1386 1278 qui
1417 1225 1581 1266 boreale
1610 1226 1776 1279 aliquod
1805 1227 1865 1266 si-

211 1290 288 1331 dus
331 1291 418 1343 ejus
461 1288 623 1332 nomine
652 1289 924 1344 designasset;
952 1289 1090 1343 potuit
1118 1290 1226 1332 inter
1254 1290 1408 1332 aulicos
1438 1296 1583 1345 poetas
1613 1305 1663 1333 ea
1692 1306 1864 1333 consue—

212 1357 312 1396 tudo
358 1356 548 1406 existere,
591 1361 639 1397 ιιι
675 1360 829 1396 certam
858 1355 1036 1410 aliquam
1066 1356 1229 1397 stellam
1259 1357 1620 1409 septentrionalem
1651 1362 1863 1411 tamquam

212 1422 469 1475 Vespasiano
498 1421 688 1476 primum,
717 1422 863 1463 deinde
893 1435 983 1462 cum
1013 1422 1272 1474 Vespasiano
1302 1422 1427 1463 etiam
1457 1423 1553 1464 Tito
1584 1430 1864 1465 consecratam

211 1488 477 1530 celebrarent.
534 1489 654 1530 Hanc
689 1486 1036 1536 consuetudinem,
1073 1487 1109 1529 si
1146 1489 1265 1530 modo
1295 1489 1381 1530 ulla
1408 1488 1501 1539 fuit,
1530 1490 1707 1532 fortasse
1737 1490 1863 1532 etiam

212 1561 351 1596 noster
378 1560 543 1596 secutus
572 1555 635 1596 ita
661 1554 770 1596 hunc
798 1554 929 1596 locum
958 1554 1145 1608 reliquit:

471 1631 705 1686 Praecipuos
733 1631 806 1672 sed
835 1630 943 1672 enim
972 1631 1118 1672 merito
1147 1631 1342 1673 subvexit
1369 1633 1412 1674 in
1442 1639 1561 1674 actus

470 1711 661 1752 Nondum
690 1708 894 1764 stelliyero
923 1709 1036 1750 cerni
1060 1710 1231 1764 yavisus
1259 1710 1302 1751 in
1331 1724 1409 1751 axe

473 1788 671 1830 Claudius
700 1792 744 1829 et
760 1785 888 1842 'lonye
916 1774 1149 1828 transmisit
1175 1786 1341 1836 habere,
1370 1786 1517 1829 Bootoe

444 1921 447 1923 Α
472 1865 576 1913 Quis
596 1863 750 1922 procul
777 1871 823 1906 ut
852 1871 956 1907 temo
977 1864 1202 1921 premitur.
1260 1866 1342 1906 Tot
1369 1865 1540 1919 templa,
1568 1871 1634 1907 tot
1664 1878 1760 1908 aras

473 1943 752 1987 Promeruisse
781 1944 916 1985 datur.

209 2034 300 2075 Hoc
336 2039 419 2075 est:
449 2033 661 2081 Claudius,
692 2032 754 2073 cui
785 2033 963 2073 nondum
993 2031 1036 2072 id
1066 2031 1261 2085 gaudium
1292 2032 1479 2085 contigit,
1508 2037 1556 2073 ut
1584 2032 1750 2086 propria
1778 2033 1867 2085 ejus

210 2099 351 2154 aliqua
391 2100 517 2141 stella
550 2099 592 2140 in
623 2099 734 2140 coelo
764 2103 1009 2146 cerneretur,
1039 2110 1091 2138 ex
1120 2097 1340 2151 longinquo
1370 2098 1603 2139 transmisit
1630 2098 1864 2139 habendum

210 2166 283 2215 eis,
313 2165 382 2220 qui
412 2165 453 2206 in
491 2166 631 2207 Bootae
667 2163 884 2205 vicinitate
921 2165 1010 2217 jam
1033 2163 1199 2216 ¹pridem
1230 2169 1386 2204 certum
1416 2163 1496 2205 sibi
1524 2164 1639 2206 sidus
1669 2164 1867 2218 adsigna-

207 2237 295 2272 tum
324 2232 493 2272 habent.
549 2229 706 2272 Procul
733 2243 807 2282 pro
837 2226 1059 2282 ”longum”‚
1090 2234 1137 2269 ut
1165 2229 1295 2269 Theb.
1325 2230 1426 2278 XII,
1455 2230 1557 2271 810:

470 2306 702 2348 Durabisne
732 2307 872 2360 procul
901 2306 1143 2360 dominoque
1172 2305 1305 2359 legere
1334 2306 1574 2360 superstes?

210 2396 401 2438 Ceterum
439 2394 669 2435 litterarum
715 2393 904 2443 mutatio,
934 2399 981 2434 ut
1009 2406 1172 2446 magna,
1201 2393 1265 2433 ita
1292 2407 1371 2434 non
1402 2406 1567 2446 prorsus
1596 2393 1861 2434 incredibilis.

209 2462 316 2503 Nam
360 2473 484 2516 quum
526 2458 644 2516 lonye
680 2459 825 2501 Bootoe
852 2458 895 2500 in
924 2458 1045 2515 lonqo
1073 2459 1225 2515 nepoti,
1251 2459 1458 2515 premitur
1485 2459 1527 2500 in
1548 2459 1728 2515 parite‘r,
1758 2466 1862 2501 temo

207 2528 249 2569 in
279 2529 425 2568 timens
461 2526 693 2574 transisset,
731 2526 828 2578 quid
864 2525 976 2566 aliud
1006 2527 1161 2566 faceret
1188 2525 1257 2566 ille
1287 2531 1489 2566 corrector
1517 2525 1596 2566 nisi
1626 2531 1674 2566 ut
1701 2539 1774 2578 pro
1803 2527 1860 2566 ti-

206 2608 332 2642 mens,
369 2593 475 2646 quod
519 2597 692 2633 metrum
722 2592 1035 2644 aspernabatur,
1063 2597 1244 2632 metuens
1271 2596 1500 2644 reponeret,
1529 2590 1676 2632 deinde
1706 2604 1758 2631 ex
1786 2591 1860 2631 lit-

207 2659 308 2701 teris
350 2657 461 2699 illius
504 2657 610 2712 quod
652 2656 841 2697 restabat
875 2655 1028 2711 procul
1056 2662 1102 2696 ut
1130 2657 1335 2709 obJectum
1365 2656 1487 2709 hujus
1516 2655 1644 2705 verbi,
1673 2670 1861 2712 superos,

207 2723 494 2767 concinnaret?

317 2827 356 2854 v.
389 2807 480 2854 179.

467 2889 591 2930 Haud
620 2887 741 2929 aliter
768 2886 923 2940 gemuit
950 2887 1130 2939 perjuria
1157 2887 1341 2929 Theseus

469 2967 645 3015 Littora‚
674 2965 742 3019 qui
772 2964 887 3005 falsis
916 2964 1135 3016 deceperat
1162 2964 1297 3017 AEgea
1325 2965 1441 3006 velis.

205 3046 263 3087 Et
291 3045 483 3094 alienum,
512 3050 560 3085 ut
588 3057 696 3086 nunc
724 3043 835 3084 locus
864 3040 1068 3090 scribitur,
1089 3041 1288 3097 perjuria
1318 3048 1361 3083 et
1389 3041 1526 3083 littore
1556 3041 1747 3095 frigidum
1781 3047 1857 3082 est.

203 3112 329 3154 Haud
358 3111 599 3153 dubita-nter
626 3122 797 3164 repono:
