2413 3760
441 437 491 472 26
1078 434 1118 471 C.
1150 435 1191 472 E.
1221 433 1449 471 Sandstrom.

707 551 832 592 Haud
863 550 985 591 aliter
1013 549 1168 602 gemuit
1195 547 1375 602 perjuria
1401 547 1586 588 Theseus

713 627 873 677 Altera,
903 627 971 681 qui
1001 626 1117 667 falsis
1146 626 1365 678 deceperat
1393 624 1526 677 AEgea
1554 623 1669 664 velis.

443 705 576 744 Plane
620 717 693 756 pro
741 717 851 744 more
894 717 967 743 suo
997 702 1127 742 altera
1162 701 1304 741 nesea·
1325 701 1522 755 perjuria
1551 700 1713 739 Statius
1743 698 1949 750 appellat,v
1971 702 2017 736 ut
2045 695 2104 734 sic

446 770 580 810 obiter
609 771 733 811 etiam
766 769 959 810 Ariadnae
989 768 1171 808 fabulam
1201 771 1361 818 tangat.
1404 765 1617 817 Perjurum
1649 769 1787 805 autem
1817 762 1910 810 dici,
1934 760 2102 815 quirem

448 836 689 888 promissam
722 849 802 876 non
832 832 1085 887 praestiterit,
1116 832 1213 872 licet
1236 831 1501 883 jurejurando
1530 841 1609 870 non
1643 829 1767 869 fuerit
1795 827 2037 874 adstrictus,
2064 825 2106 865 in

449 903 613 953 poetica
640 902 827 942 oratione
858 913 935 941 non
966 900 1091 939 debet
1121 898 1338 938 offendere.

562 991 607 1033 G.
637 990 714 1039 IV,
743 1002 780 1030 v.
813 988 877 1031 12.

713 1066 925 1119 Pergame,
955 1063 1130 1116 pinifera
1159 1062 1332 1103 multum
1362 1060 1517 1102 felicior
1550 1060 1648 1101 Ida!

712 1143 792 1184 Illa
820 1142 916 1183 licet
944 1153 1071 1182 sacrae
1100 1141 1266 1193 placeat
1293 1139 1381 1180 sibe
1410 1138 1518 1180 nube
1546 1137 1701 1190 rapinae
1730 1142 1828 1178 cett.

450 1232 544 1272 Vox
573 1231 678 1272 nube
707 1230 822 1272 nihili
853 1235 930 1272 est.
988 1228 1258 1271 Scribendum
1290 1232 1376 1268 est:

973 1307 1054 1348 Illa
1082 1306 1179 1348 licet
1207 1318 1333 1348 sacrae
1362 1305 1528 1360 placeat
1556 1304 1635 1346 sibi
1662 1309 1760 1346 nota
1788 1303 1955 1358 rapinae.

560 1376 606 1416 C.
638 1375 693 1423 V,
721 1388 761 1415 v.
790 1375 857 1415 54.
920 1382 923 1384 ’

711 1452 799 1494 Nec
827 1452 963 1505 pietas
992 1451 1076 1492 alia
1105 1456 1170 1492 est
1197 1450 1274 1492 tibi
1303 1462 1480 1504 curaque
1509 1453 1640 1490 natae:

714 1529 785 1572 Sic
813 1534 861 1571 ut
891 1534 1024 1571 mater
1052 1541 1182 1579 amas,
1211 1528 1270 1569 sic
1304 1540 1526 1582 numquam
1556 1526 1676 1569 corde
1705 1526 1857 1568 recedit

716 1607 831 1649 Nata
859 1612 943 1649 tuo.

454 1696 595 1739 Verba
623 1703 669 1738 ut
697 1703 829 1738 mater
858 1695 1145 1738 molestissime
1174 1696 1453 1745 intruduntur,
1483 1678 1672 1751 quoniam
1702 1696 1779 1738 hoc
1808 1696 1895 1738 loco
1924 1696 1985 1736 sic
2013 1708 2111 1750 par-

453 1764 582 1804 ticula
610 1777 690 1804 non
727 1763 902 1816 simplici
932 1762 1227 1815 comparationi
1256 1762 1439 1810 inservit,
1469 1764 1540 1804 sed
1572 1776 1660 1803 cum
1693 1763 1977 1803 adfirmatione
2005 1774 2112 1815 prm-

456 1830 639 1872 cedentis
681 1829 898 1871 sententiae
935 1828 1135 1870 rationem
1165 1828 1313 1870 reddit.
1370 1828 1545 1871 Moleste
1575 1829 1699 1871 etiam
1730 1835 1831 1870 nata
1858 1829 2006 1870 iterum
2036 1841 2112 1882 po-

457 1896 580 1938 nitur.
639 1895 843 1949 Conjicioz

720 1973 792 2016 Sic
821 1980 1052 2016 constanter
1080 1987 1210 2023 amas,
1238 1974 1297 2016 sic
1326 1986 1546 2029 numquam
1576 1975 1695 2017 corde
1723 1975 1877 2017 recedit

721 2052 842 2094 Mota
870 2057 955 2094 tuo.

572 2143 611 2172 v.
641 2129 708 2173 60.

723 2207 781 2249 Et
809 2220 917 2248 nunc
944 2207 1018 2247 illa
1046 2212 1161 2248 tenet
1189 2207 1311 2248 viduo
1341 2207 1447 2261 quod
1476 2207 1565 2249 sola
1593 2207 1715 2249 cubili

725 2284 825 2326 Otia
853 2290 939 2324 tam
970 2283 1148 2337 pulchrae
1177 2284 1276 2325 terit
1303 2284 1548 2326 infoecunda
1569 2285 1775 2338 juventae;

727 2362 810 2404 Sed
840 2362 1019 2410 venient,
1050 2361 1181 2415 plenis
1210 2362 1377 2404 venient
1405 2363 1607 2404 connubia
1636 2363 1766 2405 taedis.

461 2451 738 2492 Baehrensius
768 2455 863 2503 post
891 2449 1019 2491 cubili
1048 2450 1231 2504 graviore
1260 2450 1521 2492 distinctione
1551 2455 1671 2491 utens
1700 2456 1744 2492 et
1772 2463 1844 2504 pro
1878 2457 1994 2500 tenet,
2010 2451 2117 2505 quod

463 2517 622 2557 codices
652 2516 821 2564 habent,
851 2521 955 2571 tepet
989 2516 1215 2557 rescribens
1252 2528 1371 2570 quem
1400 2522 1556 2558 rectum
1586 2529 1749 2558 sensum
1779 2517 1972 2566 effecerit,
2001 2516 2117 2571 equi-

462 2584 554 2624 dem
586 2595 666 2623 non
697 2585 902 2635 assequor.
960 2582 1167 2635 Scriptum
1198 2583 1334 2624 fuerat
1363 2595 1389 2624 a
1417 2589 1561 2637 poeta:

724 2657 781 2700 Et
808 2671 919 2702 nunc
946 2657 1188 2710 illam-imas,
1219 2660 1339 2703 viduo
1369 2660 1477 2715 quod
1506 2659 1596 2703 sola
1624 2659 1747 2704 cubili

725 2735 825 2779 Otia
852 2742 938 2778 tam
969 2737 1147 2791 pulchrae
1175 2739 1274 2780 terit
1301 2739 1547 2780 infoecunda
1568 2739 1771 2793 juventae3

725 2815 807 2855 Sed
837 2815 1014 2864 venient,
1045 2817 1175 2869 plenis
1204 2817 1369 2858 venient
1400 2816 1602 2858 connubia
1630 2817 1768 2858 taedis!

464 2891 576 2930 Voce
608 2889 835 2931 illam-imas
871 2892 912 2932 in
951 2893 1052 2933 duas
1082 2900 1222 2946 partes
1251 2895 1425 2943 divulsa,
1456 2908 1506 2934 ex
1536 2894 1760 2948 posteriore
1789 2895 1844 2943 id,
1875 2896 1981 2948 quod
2011 2909 2117 2937 nunc

464 2957 759 3005 circumfertur,
790 2958 985 2999 confinxit
1013 2960 1216 3002 librarius.

575 3047 613 3076 v.
644 3032 711 3075 93.

729 3112 837 3159 Quid
868 3115 1028 3156 laudem
1059 3116 1171 3157 lusus
1200 3117 1516 3171 libertatemque
1544 3117 1776 3165 Menandri,

727 3189 862 3239 Quam
890 3191 1099 3234 Romanus
1127 3193 1254 3236 honos
1284 3200 1327 3236 et
1356 3193 1503 3236 Graeca
1532 3192 1700 3236 licentia
1726 3193 1884 3236 miscet.
