2441 3742
479 368 530 403 28
1128 364 1165 401 C.
1199 364 1240 400 E.
1271 363 1497 400 Sandstrdm.

590 482 636 523 Ο.
666 482 723 530 II,
752 481 792 522 5.

745 557 830 600 Ast
861 572 934 613 ego
965 559 1029 600 cui
1058 572 1184 601 sacrae
1215 558 1354 601 Caesar
1382 570 1489 599 nova
1517 556 1668 610 gaudia.
1697 567 1805 597 cenae

748 636 870 677 Nunc
897 636 1072 689 primum
1103 636 1345 689 dominaque
1375 634 1490 676 dedit
1519 645 1758 687 consurgere
1787 644 1940 674 mensa..

483 726 565 767 Pro
610 739 852 780 consuryere
894 724 1169 766 Baehrensius
1212 722 1496 764 concumbere.-
1532 722 1638 776 quod
1667 722 1835 763 verbum
1863 721 1904 762 in
1935 720 2013 762 hac
2040 731 2083 761 re
2113 733 2138 760 a

484 792 611 840 nullo,
642 793 749 845 quod
779 792 919 840 sciam,
949 781 1146 843 scriptore
1179 794 1410 842 usurpatur.
1468 788 1680 841 Suspicor:

1010 867 1261 919 dominaeque
1291 866 1405 907 dedit
1433 865 1640 906 consortia
1668 877 1830 905 mensae.

597 971 635 998 v.
667 959 737 997 20.-

1008 1022 1161 1074 Stupet
1188 1020 1265 1061 hoc
1294 1019 1430 1061 vicina
1457 1018 1642 1061 tonantis

746 1099 877 1151 Regia
905 1104 1026 1152 teque
1055 1099 1145 1151 pari
1174 1098 1367 1138 laetantur
1394 1097 1492 1138 sede
1521 1096 1699 1137 locatum

746 1175 939 1224 Numina,
969 1190 1019 1216 ne
1049 1188 1241 1228 magnum
1269 1188 1463 1228 properes
1493 1175 1711 1215 escendere
1741 1175 1911 1215 coelum.

484 1261 648 1314 Duplici
692 1264 806 1313 vitio,
850 1264 1064 1306 sententiae
1109 1270 1151 1305 et
1194 1263 1403 1312 orationis,
1445 1263 1512 1303 hic
1555 1263 1666 1304 locus
1704 1263 1878 1304 laborat.
1935 1264 2043 1304 Nam
2062 1264 2141 1317 *qui

485 1327 617 1380 prima
660 1330 793 1371 fronte
836 1330 999 1372 videtur
1042 1343 1130 1371 esse
1176 1342 1333 1379 sensus,
1378 1329 1508 1370 laetari
1553 1329 1721 1370 numina
1747 1329 2028 1371 Domitianum
2054 1330 2142 1383 jam

484 1395 573 1446 pari
617 1397 713 1435 sede
757 1397 935 1437 locatum
978 1397 1021 1436 in
1059 1396 1213 1436 coelum
1245 1397 1460 1436 escendere
1490 1409 1569 1435 non
1599 1400 1925 1448 properaturum,
1953 1396 1989 1436 is
2019 1409 2140 1450 quum

484 1473 557 1512 per
585 1474 629 1501 se
657 1461 746 1514 ipse
776 1463 1109 1515 perversissimus
1138 1462 1194 1502 sit
1223 1475 1272 1502 ac
1299 1467 1432 1514 poetae
1462 1461 1589 1502 menti
1619 1461 1742 1515 plane
1766 1462 2006 1503 contrarius:
2026 1462 2142 1516 quasi

484 1527 765 1568 Domitianum
795 1529 947 1570 invitos
976 1529 1017 1569 in
1049 1528 1204 1569 coelum
1234 1532 1470 1580 recepturos
1500 1528 1611 1576 deos,
1640 1541 1689 1568 ac
1718 1541 1798 1569 non
1828 1529 1979 1581 potius,
2008 1529 2142 1570 tritis—

485 1592 591 1633 sima
635 1594 885 1635 adulationis
929 1595 1119 1643 formula,
1156 1595 1244 1646 jam
1286 1594 1442 1646 pridem
1473 1594 1593 1634 terris
1624 1607 1714 1635 eum
1744 1594 1927 1635 invidere
1955 1595 2142 1636 voluerit:

485 1664 573 1700 tum
618 1660 743 1702 etiam
788 1674 933 1715 parum
963 1666 1074 1703 recte
1112 1660 1366 1714 exprimitur,
1397 1660 1601 1715 quoniam,
1632 1673 1721 1715 quae
1750 1675 1858 1703 nunc
1887 1661 2143 1711 exhibentur,

485 1726 520 1766 si
564 1727 698 1767 acrius
743 1729 1039 1776 examinamus,
1085 1727 1185 1768 nihil
1216 1728 1326 1767 aliud
1357 1727 1586 1781 significare
1615 1733 1790 1780 possunt
1817 1727 1895 1768 nisi
1924 1727 2020 1769 hoc:
2050 1728 2145 1769 «1ae-

486 1797 630 1833 tantur
672 1794 841 1835 numina.
882 1794 974 1835 ideo
1018 1800 1059 1835 te
1103 1794 1192 1847 pari
1236 1795 1332 1835 sede
1369 1794 1562 1843 locatum,
1592 1807 1642 1835 ne
1670 1793 1712 1834 in
1743 1794 1898 1835 coelum
1929 1795 2144 1836 escendere

488 1859 696 1908 festines»,
734 1874 857 1913 quum
888 1866 1027 1901 tamen
1058 1861 1205 1901 effectu
1234 1861 1356 1912 hujus
1385 1860 1679 1908 aedificationis,
1709 1873 1789 1900 non
1818 1861 1984 1901 consilio
2014 1861 2145 1901 laetari

488 1925 687 1967 deberent
715 1926 895 1968 numina.
940 1926 1093 1976 Quare,
1122 1926 1191 1980 qui
1221 1926 1322 1967 nihil
1351 1925 1560 1968 sententia
1586 1926 1679 1979 ipsa.
1707 1926 1980 1976 offenduntur,
2010 1927 2146 1980 potius

487 1991 550 2031 ita
579 1992 824 2033 edidissent:

1014 2064 1136 2111 teque
1167 2058 1255 2110 pari
1285 2058 1479 2098 laetantur
1507 2058 1604 2097 sede
1634 2058 1812 2098 locatum

752 2136 933 2176 Numina.
962 2150 1036 2175 nec
1066 2149 1257 2188 magnum
1280 2149 1510 2190 properare
1540 2135 1754 2175 escendere
1785 2135 1953 2176 coelum.

493 2223 550 2263 Et
577 2223 733 2264 habent
761 2224 919 2265 codices
948 2239 1034 2273 nee,
1063 2238 1142 2264 non
1172 2239 1233 2271 ne,
1262 2237 1335 2276 pro
1365 2223 1574 2264 escendere
1603 2228 1739 2263 autem
1770 2223 1971 2263 excedere.
2029 2223 2148 2264 Unde

496 2289 607 2337 mihi,
637 2290 843 2331 meliorem
872 2291 1120 2331 sententiam
1152 2290 1361 2343 quaerenti,
1390 2289 1451 2330 ita
1479 2289 1735 2330 scribendum
1767 2288 1948 2330 videtur:

1014 2368 1168 2421 Stupet
1196 2368 1272 2410 hoc
1300 2367 1435 2409 vicina
1464 2367 1647 2409 tonantis

754 2446 885 2499 Regia
913 2451 1036 2500 teque
1065 2446 1155 2499 pari
1185 2446 1378 2487 laetantur
1406 2446 1503 2487 sede
1533 2445 1712 2486 locatum

755 2524 934 2564 Numina.
962 2538 1037 2565 nec
1066 2537 1256 2577 magnum
1279 2537 1485 2579 properos
1514 2522 1726 2564 excludere
1755 2523 1923 2564 coelum.

498 2598 718 2641 ”Gaudent
760 2601 895 2642 vicina
931 2602 1018 2653 jam
1063 2607 1105 2642 et
1152 2602 1241 2653 pari
1271 2602 1367 2642 sede
1397 2607 1439 2641 te
1470 2601 1662 2649 locatum,
1691 2606 1740 2641 ut
1768 2602 1820 2640 ad
1851 2605 1893 2640 te
1923 2614 2153 2653 properan-

497 2667 609 2707 tibus
653 2680 731 2707 non
778 2679 967 2720 magnum
1008 2668 1162 2708 coelum
1208 2668 1359 2716 obstet,
1391 2679 1469 2720 quo
1499 2671 1624 2707 antea
1654 2679 1681 2707 a
1709 2666 1948 2708 commercio
1977 2671 2049 2707 tuo
2079 2679 2154 2707 ex-

497 2729 801 2774 cludebantur.”

609 2819 655 2862 C.
686 2820 763 2868 III,
791 2819 830 2862 9.

891 2889 974 2929 Sed
1004 2892 1070 2943 qui
1100 2890 1244 2930 limina¹
1272 2889 1467 2929 bellicosa
1493 2889 1592 2930 Jani

889 2966 1023 3007 Justis
1052 2968 1208 3021 legibus
1240 2973 1282 3007 et
1310 2968 1396 3007 foro
1427 2972 1609 3015 coronat,

893 3041 975 3091 Qui
1004 3051 1126 3087 castae
1155 3045 1293 3088 Cereri
1322 3045 1391 3086 diu
1420 3049 1572 3097 negata

891 3120 1045 3163 Reddit
1067 3115 1212 3179 jugera
1240 3121 1478 3178 sobriasque
1507 3128 1653 3165 terras.
