2435 3674
692 317 822 354 Studia.
850 318 990 354 Critias
1014 318 1055 353 in
1083 317 1280 363 Pupiniam
1311 317 1484 353 Statium.
1890 318 1938 353 57

554 431 663 470 Hinc
690 431 820 483 plenae
848 429 939 478 fibi,
968 432 1107 482 parve,
1136 429 1263 477 colus,
1290 429 1407 469 Jovis
1432 430 1527 470 inde
1556 432 1686 471 severi

557 508 726 557 Vultus,
755 507 845 548 abit
872 508 958 548 solo
986 512 1083 560 post
1109 508 1197 548 haec
1224 508 1389 548 devicta
1417 509 1582 559 pudore.

296 583 343 626 Si
373 580 489 638 ”post
516 585 604 626 haec
632 581 817 627 devicta?
843 585 872 626 i.
901 598 937 627 e.
968 590 1064 639 post
1092 590 1136 627 et
1163 585 1313 626 Martis
1340 585 1475 626 minas
1505 589 1548 626 et
1562 587 1740 628 fatorum
1757 588 1884 641 legem
1903 596 1945 631 et

293 650 411 690 Jovis
439 651 693 692 voluntatem
725 656 1001 704 contemptam
1029 652 1183 704 pudore
1212 652 1297 692 solo
1328 656 1533 692 commota
1558 652 1697 693 Diana
1722 654 1822 702 abit,
1856 656 1945 708 quis

293 716 462 771 tandem
504 717 574 758 ille
611 719 748 771 ,pudor
790 723 880 759 erat
916 722 990 759 aut
1018 719 1133 770 cujus
1163 731 1253 759 eam
1282 718 1348 758 vel
1378 718 1437 759 rei
1466 718 1532 758 vel
1561 731 1744 770 personae
1773 721 1947 771 puduit?

294 780 368 822 Sin
411 787 550 823 autem
584 776 654 824 ita.
694 783 822 825 rerba.
864 783 1142 837 conjungimus
1170 808 1225 813 —
1253 788 1393 835 potest
1422 783 1529 824 enim
1558 788 1775 838 utrumque
1804 791 1945 839 estque

296 860 347 887 ex
375 847 498 899 hujus
527 849 604 889 loci
633 849 745 889 vitiis
774 862 896 890 unum
926 850 1014 889 haec
1040 850 1134 901 ipsa
1162 849 1410 902 ambiguitas
1439 873 1494 879 —
1511 856 1611 903 post
1639 849 1723 890 hoec
1751 850 1837 891 solo
1858 866 1945 905 pu-

294 911 393 954 dore
435 913 596 955 devicta
633 907 736 964 abit,
779 920 915 956 tamen
960 928 1033 968 pro
1070 928 1116 956 eo
1147 915 1252 969 quod
1284 919 1348 956 est
1370 921 1469 970 post
1497 913 1592 963 hoec,
1622 920 1670 956 ut
1697 916 1843 958 Jovem
1873 931 1946 958 ve—

291 979 374 1019 rita
405 980 654 1021 -discessisse
688 982 996 1034 intelligeretur,
1026 988 1111 1021 tum
1140 982 1286 1021 saltem
1318 982 1439 1021 scribi
1469 982 1622 1022 debuit.
1681 983 1778 1024 Una,
1805 984 1948 1024 littera.

295 1051 460 1088 mutata
474 1052 603 1090 recta
626 1048 765 1092 omnia
790 1060 881 1089 sese
908 1045 1140 1094 habebunt:

815 1124 970 1165 Contra
996 1124 1146 1177 premit
1172 1124 1268 1165 hinc
1295 1125 1504 1165 Mavortia
1533 1125 1682 1177 cuspis,

554 1200 663 1240 Hinc
690 1200 822 1252 plenae
850 1200 940 1249 tibi,
969 1213 1108 1253 parve,
1138 1202 1270 1250 colus3
1299 1201 1416 1241 Jovis
1435 1202 1530 1242 inde
1549 1202 1681 1242 severi

552 1278 707 1318 Vultus
737 1279 824 1332 aqit
851 1279 937 1320 solo
966 1284 1060 1331 post
1087 1279 1173 1319 haec
1203 1279 1366 1320 devicta.
1393 1280 1559 1331 pudore.

399 1366 491 1406 Lib.
520 1365 578 1415 X,
607 1365 702 1407 581.

989 1427 992 1429 ’
1071 1410 1127 1450 Hi
1154 1411 1324 1451 reddere
1353 1411 1522 1451 fratrem

550 1487 638 1528 Nec
666 1493 866 1536 mussant,
896 1488 968 1528 sed
996 1501 1095 1529 voce
1123 1488 1261 1540 palam
1292 1488 1480 1542 claroque
1500 1489 1680 1529 tumultu

551 1564 738 1605 Reddere
767 1577 893 1618 regna.
914 1565 1075 1617 jubent.
1157 1553 1159 1557 ¹

290 1642 481 1695 Apparet
509 1655 581 1694 pro
602 1641 785 1698 fratrem
815 1638 979 1682 '’fratri''
1008 1641 1279 1682 scribendum.

399 1744 438 1771 v.
467 1729 562 1771 624.

551 1796 651 1836 Mox
680 1796 844 1849 plenum
872 1796 1039 1838 Phoebo
1068 1801 1208 1837 vatem
1237 1800 1280 1837 et
1309 1796 1485 1837 celerare
1509 1796 1724 1849 jubentem

550 1874 671 1913 Nunc
698 1874 864 1914 humilis
894 1887 1028 1927 genua.
1055 1875 1322 1926 amplectens,
1351 1887 1459 1913 nuuc
1487 1886 1560 1913 ora.
1591 1873 1776 1913 canentis

552 1948 835 2003 Nequicquam
864 1950 1034 1991 reticere
1061 1954 1201 2004 rogat:
1226 1950 1314 2003 jam
1344 1950 1458 1990 fama.
1475 1953 1681 1990 sacratam

550 2026 706 2068 Vocem
737 2028 929 2080 amplexa.
955 2028 1082 2076 volat,
1113 2028 1373 2080 clamantque
1403 2026 1569 2067 oracula.
1596 2026 1761 2066 Thebae.

290 2111 424 2151 Prave
467 2112 679 2160 tamquam
722 2106 904 2160 ejusdem
937 2104 1157 2152 ,divisionis
1187 2103 1371 2145 membra.
1399 2116 1449 2144 ea
1475 2103 1584 2144 inter
1611 2115 1701 2143 sese
1730 2115 1944 2156 opponun-

290 2182 371 2224 tur,
409 2186 578 2228 quorum
608 2176 783 2216 alterum
813 2171 988 2223 subjecti
1016 2170 1217 2211 rationem
1248 2170 1395 2222 agendi
1424 2169 1566 2210 definit
1594 2168 1784 2221 (humilia
1809 2183 1945 2222 genua

292 2240 571 2296 amplectens),
615 2240 789 2281 alterum
834 2238 929 2288 (ora
971 2235 1173 2287 canentis)
1218 2235 1367 2287 obJecti
1410 2235 1498 2275 vice
1541 2234 1736 2287 fungitur.
1810 2235 1943 2274 Prave

292 2307 417 2349 etiam
459 2306 536 2346 hoc
578 2307 711 2360 ipsum
755 2304 959 2355 objectum
1003 2306 1100 2354 post
1133 2301 1236 2351 illud
1264 2306 1397 2341 vatem
1425 2299 1643 2341 inducitur.
1700 2299 1945 2340 Permutata¹

290 2374 399 2415 inter
427 2386 516 2413 sese
544 2384 734 2414 versuum
764 2374 950 2411 extrema
975 2367 1167 2408 videntur
1196 2371 1239 2408 et
1266 2371 1379 2407 totus
1408 2367 1520 2407 locus
1548 2366 1611 2406 ita
1638 2366 1916 2418 corrigendus:

554 2450 655 2491 Mox
673 2449 847 2501 plenum
877 2444 1043 2487 Phoebo
1071 2448 1211 2484 vatem
1241 2448 1284 2483 et
1312 2442 1486 2504 celanda
1514 2447 1721 2482 canentem

552 2526 674 2567 Nunc
700 2523 867 2566 humilis
895 2533 1028 2575 genua
1054 2520 1319 2572 amplectenS,
1349 2532 1457 2561 nuuc
1485 2532 1554 2560 ore
1573 2517 1759 2573 jubentis

551 2603 593 2643 N
595 2601 835 2656 equicquam
863 2598 1032 2640 reticere
1060 2600 1191 2649 rogat.

401 2704 440 2732 v.
468 2690 565 2733 632.

551 2757 662 2800 Diva
688 2756 805 2799 Jovis
834 2754 934 2797 solio
958 2753 1083 2806 juxta
1111 2764 1258 2799 comeS‚
1287 2751 1394 2791 unde
1423 2763 1496 2803 per
1524 2750 1662 2790 orbem

551 2826 665 2876 Rara.
693 2834 781 2875 dari
809 2831 1008 2884 terrisque
1037 2829 1143 2871 solet
1172 2828 1417 2882 contingere,
1446 2827 1589 2868 virtus.

290 2911 667 2965 Interpungeudum
697 2916 762 2953 est
789 2911 869 2952 ita:

554 2988 665 3030 Diva.
691 2988 808 3031 Jovis
836 2986 937 3028 solio
960 2985 1086 3039 juxta.
1119 2995 1267 3032 comeS‚
1296 2983 1404 3023 unde
1433 2995 1506 3036 per
1535 2982 1675 3024 orbem

550 3066 666 3111 Rara
693 3066 783 3111 dari
810 3062 1011 3120 terrisque
1041 3062 1146 3103 solet
1175 3060 1423 3118 contingere,
1453 3061 1613 3106 Virtus.
