2397 3722
434 344 474 371 VI
1084 336 1123 373 C.
1155 336 1197 373 E.
1228 336 1455 373 Sanam-cm.

438 449 613 501 probare
658 462 1008 503 supervacaneum
1054 455 1132 499 est,
1176 449 1514 492 absurdissimum
1557 450 1659 491 illud
1697 449 1818 506 lonyo
1862 450 2002 506 nepoti
2030 463 2102 503 pro

439 515 602 556 Neroni
646 530 777 570 neque
818 517 902 557 ullo
933 517 1104 557 artificio
1134 517 1450 557 defendendum.
1507 516 1667 558 Deinde
1696 517 1736 557 in
1766 517 1954 571 sequenti
1982 530 2102 557 versu

440 594 520 622 non
566 583 686 623 modo
729 596 901 639 superos
942 589 1123 624 metuens
1165 595 1237 635 pro
1268 583 1476 624 sacerdote
1505 582 1584 623 dici
1613 595 1694 623 non
1723 587 1863 636 potest
1890 607 1943 613 —
1973 596 2102 637 neque

442 648 574 687 multo
605 648 752 689 melius
781 662 976 703 superum
997 647 1206 705 famulus,
1237 648 1345 700 quod
1374 646 1666 695 Baehrensius,
1681 648 1747 687 vel
1763 650 1925 703 superis
1932 663 2103 704 parens,

442 714 550 766 quod
586 714 870 762 Marklandus,
906 719 1077 766 uterque
1107 726 1188 766 qua
1216 725 1293 765 par
1321 718 1412 753 erat
1441 711 1684 761 diffidentia,
1713 714 1927 766 proposuit
1952 739 2007 745 ——
2030 715 2102 756 sed

443 779 568 819 etiam
599 780 705 832 quod
736 785 800 819 est
820 780 1000 834 pariter,
1029 779 1070 819 in
1101 792 1179 831 quo
1209 791 1327 819 nemo
1357 778 1540 830 offendit,
1570 778 1622 817 ab
1651 778 1774 831 hujus
1804 779 1881 820 loci
1896 780 2104 821 sententia

443 859 609 897 prorsus
639 846 829 893 alienum,
859 845 1050 898 quoniam
1080 844 1215 884 senior
1243 844 1444 884 Etruscus
1473 857 1552 884 non
1574 844 1743 898 pariter
1762 858 1902 886 omnes
1916 846 2009 887 illos
2023 846 2102 887 im-

442 917 665 964 peratores,
695 911 766 951 sed
796 911 986 963 deinceps
1016 909 1142 950 alium
1173 914 1268 962 post
1297 909 1422 950 alium
1452 915 1746 962 promeruerat.
1798 910 1974 953 Accedit
2001 912 2102 953 illud

443 977 581 1026 datur,
619 982 665 1017 ut
700 990 778 1017 non
816 976 1022 1025 vitiosum,
1057 976 1119 1017 ita
1155 976 1321 1017 mirifice
1351 976 1610 1029 languidum:
1641 977 1802 1018 accedit
1829 992 1972 1019 versus
2000 979 2101 1032 ipse,

441 1043 523 1083 tria
551 1043 800 1094 anapaestica
835 1043 962 1083 verba
991 1042 1246 1090 continuans,
1276 1042 1423 1094 qualis,
1453 1047 1500 1082 ut
1528 1042 1683 1094 opinor,
1713 1044 1823 1095 apud
1851 1044 1984 1096 ipsum
2000 1044 2102 1085 Sta·

442 1108 543 1149 tium
587 1108 656 1148 vix
699 1108 805 1149 alter
848 1113 1007 1158 exstat;
1052 1121 1221 1161 quorum
1259 1113 1488 1161 utrumque,
1519 1121 1766 1161 quamquam
1797 1122 1870 1162 per
1899 1124 1942 1150 se
1972 1110 2100 1151 levius

442 1179 518 1222 est,
549 1179 688 1214 tamen
718 1186 808 1214 cum
840 1173 986 1214 ceteris
1017 1174 1274 1226 conjunctum
1306 1173 1444 1234 valere
1474 1173 1657 1214 nonnihil
1687 1174 1823 1215 debet.
1880 1176 1976 1216 Jam
2005 1188 2100 1216 vero

440 1252 600 1279 versum
630 1236 684 1279 ’77
713 1240 940 1288 videamus,
971 1253 1105 1293 quem,
1135 1245 1353 1293 postquam
1384 1239 1586 1280 demissus
1613 1240 1654 1279 in
1686 1240 1885 1281 dimissus
1914 1254 2100 1282 correxe—

438 1310 547 1353 runt,
593 1306 784 1346 continuo
828 1306 982 1358 optime
1026 1319 1069 1346 se
1111 1306 1264 1346 habere
1309 1305 1485 1346 editores
1522 1311 1686 1358 putant.
1746 1305 1856 1352 Quid
1886 1313 1950 1347 est
1977 1307 2101 1360 igitur

438 1371 624 1412 subvexit
666 1372 851 1413 nondum
894 1372 940 1413 in
984 1371 1139 1413 eoelum
1182 1372 1380 1413 dimissus
1420 1368 1652 1414 Claudius?
1709 1370 1845 1419 Quam
1874 1373 2032 1414 insulsa
2060 1379 2102 1415 et

438 1437 632 1490 ambigua
661 1438 826 1486 locutio,
857 1438 891 1478 si
920 1438 998 1479 hoc
1026 1444 1189 1478 tantum
1220 1438 1351 1478 voluit
1378 1443 1522 1490 poeta:
1553 1438 1739 1479 subvexit
1767 1437 1867 1479 olim
1887 1439 1933 1479 in
1948 1438 2102 1480 coelum

438 1517 676 1545 escensurus
707 1501 941 1546 Claudius?
983 1504 1179 1546 Subvem’t
1207 1505 1390 1546 nondum
1419 1504 1629 1553 dimissus,
1660 1505 1777 1558 quasi
1793 1506 2013 1546 verendum
2035 1519 2100 1547 es-

437 1574 515 1617 set,
552 1584 602 1610 ne
641 1583 667 1610 a
696 1574 933 1610 consecrato
957 1571 1045 1622 jam
1074 1570 1319 1622 imperatore
1348 1576 1577 1622 promotum
1609 1583 1698 1610 esse
1727 1571 1946 1611 Etruscum
1977 1576 2101 1623 puta-

436 1648 585 1676 remus.
644 1635 717 1677 Sin
756 1635 941 1678 nondum
977 1636 1115 1677 senior
1143 1636 1340 1677 dimissus
1377 1636 1612 1689 conjungas,
1650 1649 1794 1689 neque,
1825 1650 1947 1690 quam
1977 1650 2100 1690 gran-

435 1701 498 1742 dis
542 1706 646 1743 natu
691 1701 890 1744 Claudius
934 1701 1096 1752 obierit,
1140 1701 1207 1743 hic
1252 1702 1468 1757 quicquam
1499 1703 1552 1743 ad
1580 1715 1666 1743 rem
1696 1707 1739 1743 et
1767 1708 1854 1744 tam
1885 1708 2101 1757 provectus

438 1774 563 1808 aetate
608 1769 799 1817 decessit,
844 1774 892 1809 ut
927 1769 1062 1809 senior
1089 1769 1314 1809 rectissime
1344 1769 1423 1809 dici
1452 1775 1603 1820 posset.
1660 1769 1802 1821 Atque
1830 1770 1917 1810 haec
1945 1770 1985 1810 in
2017 1771 2102 1810 sin-

438 1834 544 1887 gulis
586 1835 724 1875 verbis
767 1834 940 1875 vitiosa:
978 1834 1081 1875 illud
1111 1835 1163 1875 ad
1194 1834 1425 1875 universam
1455 1834 1702 1875 sententiam
1733 1834 1925 1888 pertinet.
1982 1836 2101 1877 Ince-

438 1906 560 1953 perat
602 1906 728 1954 poeta
756 1906 891 1941 totum
923 1901 1041 1954 quasi
1079 1901 1321 1941 curriculum
1352 1901 1515 1941 Etrusci
1544 1901 1638 1941 inde
1668 1901 1720 1941 ab
1749 1901 1879 1942 initiis
1909 1902 1997 1954 ejus
2027 1915 2101 1943 ex-

438 1981 613 2019 ponere.-
648 1966 935 2007 nominaverat
973 1967 1195 2014 Tiberium,
1226 1966 1469 2018 Caligulam,
1500 1966 1738 2007 Claudium:
1770 1981 1841 2007 cur
1869 1967 1935 2007 hic
1964 1968 2099 2009 subito

439 2032 642 2081 consistit,
687 2046 759 2073 cur
801 2046 880 2073 non
926 2033 979 2073 ad
1022 2033 1211 2072 Flaviam
1255 2037 1415 2085 gentem
1460 2032 1573 2072 illam
1603 2032 1748 2073 seriem
1778 2033 1979 2085 perducit,
2010 2033 2099 2075 cuni

436 2099 479 2139 in
522 2099 667 2140 horum
711 2099 809 2139 aula
838 2098 979 2146 fuisse,
1010 2103 1057 2139 ut
1085 2098 1239 2139 nullam
1275 2098 1469 2138 adulandi
1503 2098 1754 2140 occasionem
1785 2099 1971 2148 dimittit,
2028 2113 2101 2152 pro

397 2189 399 2191 -
438 2164 621 2206 maxima
664 2165 794 2219 gloria
838 2177 1155 2206 commemorare
1199 2164 1395 2205 deberet?
1469 2163 1619 2217 Atqui.
1644 2164 1884 2206 novissimos
1928 2165 2101 2220 denique

437 2233 707 2285 imperatores
736 2232 770 2272 si
800 2232 866 2273 vel
896 2232 1059 2273 nomine
1088 2232 1154 2272 vel
1184 2230 1458 2283 descriptione
1487 2230 1626 2283 aliqua
1654 2232 1895 2281 addidisset,
1925 2238 2028 2285 apta
2057 2247 2102 2274 e-

437 2304 503 2340 rat
533 2299 778 2340 concludens
806 2298 881 2339 illa
909 2299 960 2340 de
990 2297 1258 2346 dominorum,
1290 2297 1358 2351 qui
1374 2296 1539 2350 templis
1555 2297 1715 2351 arisque
1732 2298 1975 2349 colerentur,
1990 2300 2098 2341 mul-

438 2366 615 2406 titudine
645 2365 874 2414 sententia;
906 2377 996 2418 quae
1026 2378 1146 2412 nunc,
1175 2365 1355 2404 nondum
1387 2363 1461 2403 illa
1490 2364 1792 2405 enumeratione
1821 2365 1952 2414 finita,
1980 2366 2100 2419 inep-

438 2432 596 2472 tissime
638 2431 881 2472 inculcatur.
939 2431 1048 2472 Hinc
1085 2430 1262 2472 efficitur
1289 2430 1397 2470 hanc
1426 2434 1557 2481 poetae
1586 2430 1830 2471 sententiam
1862 2432 2007 2473 fuisse:
2038 2429 2100 2474 ”in

439 2497 606 2538 meritos
643 2497 817 2538 honores
847 2497 1045 2538 Claudius
1076 2497 1226 2545 evexit,
1258 2496 1326 2549 qui
1356 2508 1429 2549 per
1458 2495 1620 2548 longam
1649 2494 1954 2548 interjectorum
1984 2499 2098 2551 prin-

440 2563 573 2615 cipum
603 2563 749 2604 seriem
779 2563 934 2604 Flaviae
964 2563 1076 2616 genti
1105 2559 1372 2604 transmisit.⁷⁷
1414 2561 1573 2602 Deinde
1604 2560 1916 2613 epiphonemate
1933 2565 1985 2605 ad
2002 2578 2095 2606 con-

441 2629 660 2670 clusionem
704 2630 926 2670 transitur:
966 2636 1023 2669 tot
1052 2628 1218 2684 templa,
1248 2635 1305 2669 tot
1334 2642 1433 2668 aras
1454 2627 1736 2683 promeruisse
1764 2627 1900 2668 datur.
1957 2631 2100 2684 Neque

441 2701 592 2737 temere
622 2709 648 2737 a
677 2695 850 2738 Claudio
879 2695 1138 2749 potissimum
1167 2695 1324 2736 Flaviae
1354 2694 1467 2749 genti
1496 2693 1764 2735 transmissus
1782 2694 1981 2737 Etruscus
1997 2697 2099 2738 dici-

442 2766 522 2809 tur,
564 2762 628 2803 vel
674 2763 781 2815 quod
823 2762 860 2803 is
889 2763 1043 2815 primus
1072 2762 1113 2803 in
1143 2762 1333 2803 meritum
1365 2761 1575 2814 fastigium
1607 2759 1757 2801 extulit
1784 2760 1849 2801 vel
1880 2763 1985 2814 quod
2015 2764 2101 2816 ejus

442 2828 675 2869 memoriam
705 2828 908 2882 praecipue
938 2833 1098 2882 gratam
1129 2828 1413 2881 Vespasianus
1444 2833 1486 2869 et
1515 2826 1587 2868 filii
1617 2826 1704 2880 ejus
1733 2817 1977 2868 habuerunt.
2014 2828 2098 2871 Sed

443 2907 520 2947 quo
563 2895 707 2935 melius
751 2895 1036 2949 perspiciatur,
1066 2896 1266 2948 quomodo
1297 2896 1594 2936 conformatum
1626 2906 1652 2934 a
1680 2898 1804 2945 poeta
1831 2892 1939 2934 hunc
1968 2895 2098 2941 locum

442 2964 598 3013 putem,
639 2959 788 3000 iterum
817 2961 1028 3015 vulgatam
1060 2961 1303 3010 exscribam,
1332 2974 1405 3014 pro
1435 2959 1555 3016 lonqo
1584 2959 1627 3000 id
1658 2959 1764 3012 quod
1795 2963 1859 2999 est
1886 2958 2004 3014 lonqe
2032 2974 2098 3002 re-

441 3039 597 3079 ponens
640 3026 1089 3081 interpunctionemque
1120 3033 1391 3077 commutans,
1420 3033 1524 3077 tum,
1554 3038 1644 3081 quae
1674 3026 1782 3067 falsa
1810 3026 1876 3070 vel
1906 3033 2100 3081 suspecta

439 3091 648 3145 videntur,
675 3091 883 3136 inclinatis
912 3093 1044 3138 literis
1074 3098 1243 3142 notans:‚
