2456 3781
698 402 829 440 Studia.
857 401 996 438 Critian
1021 402 1061 438 in
1090 400 1287 447 Pupiniam
1323 400 1496 437 Statium.
1903 399 1953 434 19

569 514 706 561 Quum
734 513 810 554 tibi
840 525 942 566 quas
969 517 1121 560 vestes,
1153 523 1242 564 quae
1269 524 1349 551 non
1379 510 1609 564 gestamina
1636 510 1747 551 mitis

567 589 813 631 Festinabat
841 587 961 630 erus?
1014 588 1215 630 Brevibus
1244 587 1519 642 constringere
1548 587 1662 629 laenis

565 667 742 708 Pectora
770 671 813 707 et
841 671 1018 719 angusta
1044 666 1151 706 telas
1181 670 1318 706 artare
1347 666 1512 706 lacerna

565 744 763 785 Enormes
792 757 871 784 non
901 743 970 784 ille
998 743 1125 792 sinus,
1154 743 1226 784 sed
1256 756 1417 796 semper
1446 743 1499 783 ad
1529 755 1658 783 annos

565 820 702 861 Texta
729 820 867 874 legens
896 820 1014 861 modo
1044 820 1212 872 puniceo
1242 820 1411 861 velabat
1440 819 1593 859 amictu
1623 824 1720 860 cett.

305 943 376 985 Sic
404 943 575 986 codices.
619 944 800 986 Primum
831 957 921 986 cum
950 943 1211 985 Marklandio
1240 957 1312 997 pro
1342 944 1458 983 sinus
1473 939 1652 983 ''sinens''
1667 943 1957 996 reponendum,

305 1023 475 1063 quocum
518 1010 706 1051 infinitivi
748 1011 807 1051 illi
851 1011 1125 1065 comtrinyere
1167 1015 1210 1051 et
1244 1016 1383 1050 artare
1412 1009 1721 1062 conjungantur.
1779 1009 1883 1049 Tum
1913 1009 1954 1049 in

305 1075 389 1116 his:
432 1083 607 1132 anyusta
650 1075 751 1118 telas
793 1083 931 1118 artare
959 1076 1125 1117 lacerna
1153 1090 1347 1125 enormes,
1378 1075 1569 1129 quoniam
1599 1075 1746 1116 verba:
1778 1083 1954 1130 anqusta

307 1141 471 1184 lacerna
514 1150 653 1184 artare
687 1144 918 1197 praecedens
948 1143 1097 1185 locutio
1127 1142 1316 1184 brevibus
1344 1141 1460 1183 loem‘s
1490 1142 1766 1196 constrinyere
1795 1143 1955 1196 egregie

304 1213 456 1258 tuetur,
499 1209 599 1250 nihil
641 1210 682 1251 in
719 1209 988 1263 suspicionem
1017 1209 1153 1250 vocari
1183 1213 1321 1263 potest
1349 1214 1497 1262 praeter
1528 1207 1629 1249 telas
1657 1222 1852 1258 enm-mes,
1881 1222 1954 1262 pro

305 1275 465 1329 quibus,
509 1281 556 1317 ut
599 1289 725 1329 supra.
758 1281 916 1329 pectus,
945 1276 1004 1317 sic
1031 1276 1108 1316 hoc
1137 1276 1223 1316 loco
1253 1276 1430 1328 corporis
1459 1275 1600 1328 aliqua.
1628 1288 1724 1328 pars
1754 1276 1953 1317 nominari

303 1341 441 1391 debet,
484 1341 675 1395 adjuncto
719 1342 914 1396 epitheto,
954 1355 1032 1396 quo
1060 1342 1135 1383 illa
1163 1347 1347 1395 angustae
1382 1342 1554 1383 lacernae
1585 1342 1790 1383 contra-ria
1818 1354 1950 1395 pona·

303 1411 383 1449 tur.
439 1408 548 1450 Nam
576 1421 757 1450 enormes
794 1421 952 1462 quoque
981 1421 1060 1450 non
1088 1413 1229 1462 potest
1257 1421 1335 1449 non
1367 1413 1599 1461 corruptum
1630 1421 1719 1449 esse
1748 1422 1879 1462 neque
1909 1423 1954 1450 e-

303 1487 441 1517 norme
471 1475 687 1530 quicquam
715 1475 757 1516 in
788 1488 834 1517 eo
854 1488 978 1528 puero
994 1480 1125 1528 poetae
1141 1480 1234 1516 erat
1249 1475 1553 1527 appellandum,
1570 1487 1689 1528 quem
1714 1480 1850 1516 cetero
1866 1489 1958 1516 car-

302 1541 410 1582 mine
439 1547 649 1596 tamquam
692 1541 861 1595 egregiae
890 1541 1029 1582 formae
1058 1541 1220 1582 extollit
1249 1546 1292 1582 et
1312 1554 1426 1582 =nunc
1457 1541 1641 1582 celeriter
1670 1542 1833 1595 quidem
1865 1535 1953 1583 cre--⁴

301 1607 407 1648 visse
437 1612 592 1657 narrat,
621 1620 699 1649 non
728 1613 867 1649 tamen
896 1612 1045 1661 praeter
1072 1613 1262 1648 naturam
1293 1612 1367 1648 aut
1395 1620 1522 1660 usque
1552 1608 1605 1648 ad
1622 1608 1841 1649 imma-nem
1863 1622 1953 1649 cor-

302 1674 411 1726 poris
451 1674 786 1727 magnitudinem.
842 1674 920 1714 His
948 1686 1043 1714 vero
1073 1674 1232 1714 sanatis
1262 1673 1386 1714 etiam
1415 1674 1474 1713 illi
1504 1675 1625 1714 vestis
1652 1688 1691 1715 v.
1724 1671 1817 1724 127,
1846 1677 1953 1728 quod

302 1739 616 1782 intolerabiliter
645 1752 696 1781 ex
725 1739 930 1793 superiore
969 1752 1090 1780 versu
1130 1739 1343 1792 repetitur,
1373 1752 1449 1781 sua
1480 1740 1682 1782 medicina.
1705 1750 1851 1796 sponte
1882 1758 1958 1785 na·-

303 1811 451 1848 seetur.
509 1806 660 1848 Totum
691 1806 822 1847 locum
851 1805 914 1847 ita
943 1805 1167 1847 constituo:

559 1884 657 1926 Jam
686 1889 826 1925 tamen
857 1889 899 1924 et
926 1883 1053 1924 validi
1083 1896 1246 1936 gressus
1275 1897 1544 1937 mensuraque
1573 1885 1703 1938 major

561 1960 752 2004 Gultibus
781 1966 825 2002 et
851 1960 949 2002 visae
978 1973 1102 2013 puero
1132 1961 1365 2002 decrescere
1393 1966 1551 2003 vestes:

561 2038 697 2085 Quum
726 2037 803 2078 tibi
833 2050 935 2091 quas
964 2036 1078 2086 telas,
1107 2049 1196 2091 quae
1225 2050 1305 2078 non
1334 2030 1568 2091 gestamina
1595 2039 1707 2081 mitis

562 2114 810 2156 Festinabat
836 2113 988 2155 herus?
1042 2114 1243 2155 Brevibus
1273 2114 1548 2168 constringere
1578 2116 1691 2158 laenis

559 2191 736 2233 Pectora
764 2196 806 2232 et
834 2196 1012 2245 angusta
1040 2190 1148 2231 latas
1177 2197 1314 2232 artare
1344 2191 1509 2233 lacerna

561 2267 745 2309 Cervices
772 2281 852 2308 non
881 2267 950 2308 ille
979 2267 1130 2316 sinens,
1159 2268 1231 2308 sed
1262 2272 1339 2308 cet.

300 2368 493 2409 Profecto.
535 2373 600 2409 est
642 2368 874 2420 corruptela
916 2367 969 2408 ab
1012 2367 1198 2416 cervices,
1242 2381 1320 2421 quo
1363 2367 1404 2408 in
1433 2382 1616 2411 enormes
1644 2377 1807 2413 mutato
1835 2387 1950 2427 paene

301 2434 528 2476 necessario
571 2433 774 2487 adjectivo
811 2432 920 2474 latas
948 2433 1252 2475 substantivum
1282 2432 1384 2475 telas
1411 2434 1682 2478 substitutum
1712 2444 1788 2480 est.
1845 2442 1949 2483 Tum

301 2513 374 2554 pro
420 2499 521 2541 telas
563 2513 602 2541 v.
634 2495 726 2548 127,
769 2513 821 2540 ne
849 2500 957 2540 idem
986 2512 1131 2541 nomen
1161 2500 1224 2540 bis
1253 2500 1294 2540 in
1323 2505 1410 2540 tam
1440 2502 1585 2554 exiguo
1613 2504 1749 2556 spatio
1778 2519 1951 2558 ponere-

297 2572 378 2615 tur,
420 2572 558 2615 vestes,
588 2566 694 2619 quod
723 2565 852 2607 nostri
881 2565 1038 2606 codices
1067 2565 1235 2614 habent,
1264 2565 1454 2607 librarius
1484 2568 1631 2621 aliquis
1659 2569 1813 2621 intulit,
1843 2574 1949 2615 obli—

297 2637 366 2673 tus
409 2632 579 2672 eandem
622 2643 761 2672 vocem
805 2630 1002 2684 superiori
1031 2643 1150 2672 versu
1179 2632 1418 2683 praecedere.
1448 2656 1501 2662 ——
1533 2632 1670 2685 Quum
1697 2648 1736 2677 v.
1770 2635 1848 2679 127
1878 2652 1949 2681 cm·

296 2698 339 2740 in
368 2704 454 2739 tum
483 2697 719 2752 corrigatur,
748 2697 901 2738 nullam
931 2710 1096 2739 causam
1125 2696 1256 2738 video.
1300 2696 1470 2753 (Baehr.
1500 2705 1588 2741 tum
1616 2724 1672 2732 —
1700 2708 1744 2745 et
1771 2712 1950 2760 angusta

299 2763 426 2807 talari
454 2770 590 2806 artare
618 2763 789 2805 lacertos
816 2762 1050 2819 Enormes.)

409 2889 449 2918 v.
480 2874 573 2918 191.

461 2929 467 2932 ἱ
557 2953 740 2995 Noverat
769 2951 944 3005 effigiem
974 2951 1238 3005 generosique
1267 2953 1398 2994 ardua.
1425 2935 1548 2996 Blaesi

559 3030 645 3072 Ora
671 3043 785 3084 puer,
813 3030 909 3070 dum
939 3041 1044 3083 soepe
1074 3029 1181 3070 domi
1210 3043 1319 3070 nova.
1346 3037 1461 3072 serta
1489 3032 1686 3086 ligantem

561 3107 620 3150 Te
648 3107 763 3149 videt
790 3111 833 3148 et
859 3105 1012 3148 similes
1039 3110 1267 3161 tergentem
1297 3113 1462 3161 pectore
1492 3122 1624 3152 curas.
