2310 3678
1970 0 2019 18 ..Ν
2026 0 2125 47 ὸῈ-ἶίκ
2152 0 2207 54 δ”ί
2216 16 2231 50 Ι
2277 41 2288 47 ,

478 354 532 392 60
1131 359 1173 398 0.
1202 359 1245 397 E.
1275 358 1502 398 fland-trba

1267 472 1402 527 proles
1432 485 1505 527 ego
1533 472 1642 527 regis
1670 471 1846 515 Adrasti
1873 495 1928 503 —

741 549 823 592 Hei
851 550 971 591 mihi!
1001 550 1191 604 numquis
1220 549 1369 592 adest?
1394 573 1451 581 —-
1479 549 1563 592 cati
1590 550 1802 605 Polynicis
1829 554 1870 592 ει
1894 550 2023 604 ignes,

743 626 837 668 Etsi
864 639 992 680 regna
1019 631 1176 668 vetant.
1624 631 1626 633 ’

590 741 630 769 v.
660 726 755 768 661.

742 805 915 845 Noctem
947 804 1049 845 adeo
1078 802 1345 857 placidasque
1374 803 1487 856 operi
1510 786 1685 856 ,innitere
1712 797 1906 845 tenebras

743 881 1043 935 Certamenque
1071 881 1249 922 immane
1278 879 1391 930 viris,
1422 893 1501 935 quo
1531 880 1694 922 concita
1719 880 1897 922 tendant

739 958 933 1012 Agmina,
964 958 1055 1012 quis
1083 959 1194 999 visas
1222 958 1452 1011 proclamet
1480 959 1534 998 ab
1563 970 1711 1010 aggere
1739 958 1919 1006 Thebas,

739 1036 865 1088 Cujus
892 1035 935 1076 in
965 1035 1123 1090 Ogygio
1152 1040 1237 1076 stet
1265 1036 1454 1089 princeps
1484 1035 1629 1076 lancea
1655 1046 1784 1076 muro.

473 1158 566 1199 Non
597 1171 689 1211 quo,
719 1159 792 1198 sed
822 1171 945 1211 quam
976 1157 1164 1198 celeriter
1191 1158 1410 1199 tenderent
1438 1157 1616 1211 agmina,
1636 1162 1844 1199 certamen
1860 1161 1962 1198 erat.
1993 1156 2136 1209 Scrip-

472 1229 585 1264 serat
644 1228 760 1264 oeta':

614 1236 641 1276 p
868 1289 1167 1342 Certamenqne
1195 1288 1374 1331 immane
1403 1289 1514 1338 viris,
1545 1289 1614 1330 cui
1642 1288 1803 1330 concita
1830 1288 2006 1330 tendant
2034 1293 2132 1328 cett.

470 1389 497 1430 i.
529 1402 563 1429 e.
594 1387 659 1428 cui
697 1387 1021 1429 concitatissima
1057 1388 1275 1431 tenderent
1311 1388 1477 1443 agmina
1504 1388 1570 1430 vel
1599 1387 1668 1442 qui
1697 1387 1850 1429 milites
1878 1400 1973 1429 suos
2002 1387 2133 1428 celer-

468 1456 570 1496 rimo
615 1454 775 1508 agmine
824 1455 1004 1496 duceret.
1063 1455 1297 1508 Suppressa
1339 1454 1580 1508 superlativi
1618 1454 1768 1508 gradus
1797 1453 2054 1508 significatio,
2084 1459 2132 1494 ut

470 1527 513 1564 et
542 1521 647 1563 alias
677 1533 785 1574 saepe
815 1521 925 1575 apud
955 1526 1141 1563 nostrum
1172 1527 1213 1563 et
1241 1521 1284 1563 in
1314 1535 1364 1563 ea
1391 1521 1497 1575 ipsa,
1527 1533 1616 1576 quae
1632 1520 1831 1575 sequitur,
1847 1520 2129 1563 enuntiatione

469 1585 614 1644 (”quis
632 1611 687 1617 —
706 1584 991 1641 proclamet”)‚
1022 1588 1091 1629 ubi
1113 1589 1284 1644 primus
1314 1588 1544 1629 necessario
1575 1587 1822 1628 audiendum
1853 1592 1930 1628 est.

578 1733 618 1760 v·
649 1716 743 1760 715.

729 1797 852 1838 Hunc
880 1797 1029 1838 saltem
1058 1796 1218 1839 miseris
1248 1797 1393 1838 ductor
1421 1796 1643 1838 Thebanus
1672 1795 1866 1838 honorem

730 1873 924 1927 Largitur
952 1874 1124 1923 Danais,
1155 1875 1260 1928 quod
1291 1887 1369 1915 non
1400 1887 1523 1927 super
1550 1874 1643 1926 ipsa
1654 1874 1866 1926 jacentum

733 1952 916 2003 Corpora
943 1952 1162 2003 belligeras
1191 1951 1300 1991 acies
1328 1952 1587 2003 Martemque
1617 1951 1839 1990 secundum

732 2029 923 2070 Miscuit:
954 2034 1001 2069 at
1030 2029 1166 2070 lacera
1195 2042 1245 2069 ne
1275 2028 1372 2082 quid
1402 2029 1453 2069 de
1482 2033 1620 2081 strage
1649 2027 1865 2069 nefandus'
1931 2043 1948 2064 e

732 2105 944 2154 Perderet,
975 2105 1139 2159 eligitur
1167 2118 1297 2146 saevos
1325 2110 1476 2158 potura
1503 2117 1665 2146 cruores

733 2183 862 2223 Terra
888 2182 1015 2224 rudis.

468 2280 672 2326 Quoniam
703 2282 907 2329 Eteocles,
938 2283 1044 2335 quod
1075 2295 1197 2334 super
1225 2282 1460 2322 Danaorum
1493 2294 1662 2334 corpora
1688 2281 1923 2323 institutam
1944 2293 2123 2334 pugnam

466 2348 612 2395 noluit,
657 2348 697 2388 in
744 2361 790 2388 eo
829 2348 1021 2389 honorem
1059 2349 1110 2388 iis
1147 2348 1306 2396 habuit,
1336 2361 1415 2388 non
1446 2361 1496 2389 ea
1523 2348 1643 2389 simul
1671 2353 1839 2401 poterat
1866 2361 1956 2389 esse
1985 2360 2125 2396 causa,

464 2427 514 2454 ne
543 2413 649 2469 quid
678 2413 729 2454 de
757 2420 894 2468 sto-aye
922 2413 1127 2470 infandus
1147 2414 1352 2469 perderet.
1404 2413 1595 2467 Apparet
1622 2416 1726 2456 duas
1755 2414 1939 2456 diversas
1958 2418 2002 2456 et
2025 2426 2123 2455 con-

464 2480 617 2519 trarias
648 2493 794 2520 causas
824 2479 981 2528 induci;
1013 2493 1182 2533 quarum
1213 2485 1307 2520 ntra
1335 2481 1531 2522 Eteoclen
1559 2481 1746 2529 moverit,
1774 2485 1900 2535 poeta
1926 2481 2015 2534 ipse
2044 2481 2123 2521 du-

459 2545 594 2587 bitare
624 2559 669 2586 se
699 2545 813 2586 dicit.
872 2545 1141 2586 Scribendum
1171 2545 1314 2600 igitur:

728 2624 799 2664 An
827 2623 966 2664 lacera
993 2646 1459 2654 ——————

727 2700 858 2742 Terra
885 2699 1026 2740 rudis?

462 2779 655 2821 Ceterum
690 2777 858 2833 Guyeto
888 2777 1016 2819 verba
1044 2784 1086 2818 at
1103 2802 1154 2808 -—
1162 2779 1355 2835 perderet
1385 2779 1607 2834 expellenti
1636 2792 1716 2821 non
1738 2779 1860 2821 valde
1874 2777 2118 2820 restiterim:

460 2859 713 2899 quamquam
744 2845 1082 2897 interpolatorem
1112 2845 1244 2897 ipsum
1275 2860 1353 2887 non
1386 2854 1441 2895 at,
1471 2847 1543 2888 sed
1574 2860 1629 2886 an
1643 2845 1856 2898 scripsisse
1872 2845 2118 2887 confirmem.

570 2968 609 2996 ν.
640 2951 836 2996 755-58
863 2954 927 2994 ita
955 2953 1288 3007 interpungendi:

720 3033 973 3073 Hor-tantem
1003 3019 1122 3071 dictis
1152 3032 1384 3085 frustraque
1415 3038 1602 3074 extrema
1629 3031 1853 3072 minantem

723 3108 957 3163 Conspicit3
988 3108 1215 3152 abscedunt
1244 3110 1438 3154 comites:
1470 3115 1512 3154 et
1542 3108 1705 3154 Thesea
1727 3107 1835 3161 jussi
