2435 3674
0 3287 31 3423 ἐκ

513 318 564 354 56
1149 319 1188 357 C.
1219 320 1262 358 Ε.
1291 319 1519 358 Sandstrom.

510 433 719 485 Impedita
755 448 863 476 nunc
899 420 1023 488 atque
1061 436 1184 476 etiam
1216 437 1409 490 ambigua
1437 438 1580 485 oratio,
1610 439 1799 489 quoniam
1829 451 1943 491 aeque
1970 437 2074 477 bene
2102 438 2169 477 vel

503 499 695 554 primum
716 499 839 557 foeta
867 501 933 542 vel
954 501 1146 557 primum
1177 508 1314 544 tuetur
1342 502 1531 557 conjungi
1559 508 1712 557 potest,
1730 503 1790 546 sic
1804 508 1947 558 aperte
1968 508 2010 545 et
2029 515 2169 558 aequa-

509 566 649 607 biliter
679 568 889 609 decurret:

774 645 987 687 Imbellem
1016 660 1097 688 non
1126 646 1185 688 sic
1214 646 1407 699 amplexa
1427 647 1649 699 juvencum

772 723 1005 764 Infestante
1034 723 1145 776 lupo,
1174 736 1264 778 quae
1292 723 1467 776 primum
1496 724 1624 773 foeta,
1652 728 1794 765 tuetur

772 800 911 840 Mater
940 804 983 839 et
1011 804 1109 840 cett.

620 945 659 971 v.
689 931 782 971 345.

1032 1006 1237 1059 Opposuit
1266 1005 1425 1046 cumulo
1455 1019 1499 1046 se
1528 1006 1691 1047 densior
1719 1006 1852 1047 amnis

768 1082 1049 1136 Tardavitque
1078 1095 1258 1132 manum,
1288 1082 1434 1123 vulnus
1463 1087 1604 1123 tamen
1632 1080 1707 1123 ina
1733 1086 1939 1124 retentum

766 1160 947 1201 Pertulit
976 1165 1101 1213 atque
1131 1159 1278 1200 animae
1307 1163 1400 1200 tota
1432 1159 1475 1200 in
1504 1159 1738 1212 penetralia
1765 1159 1886 1201 sedit.

503 1249 654 1288 Manus
683 1248 850 1288 hastam
874 1248 1068 1301 jacientis
1099 1247 1299 1300 quomodo
1327 1246 1371 1286 in
1401 1246 1546 1287 animae
1574 1246 1805 1300 penetralia
1819 1247 1974 1290 sedisse
1992 1248 2166 1298 dicatur,

504 1314 691 1368 equidem
721 1327 802 1355 non
830 1313 1029 1367 intelligo.
1087 1312 1358 1354 Scribendum
1387 1318 1489 1366 puto
1517 1313 1584 1354 vel
1612 1313 1693 1354 ita:

765 1390 1048 1445 Tardavitque
1078 1389 1235 1432 trabem

500 1479 566 1520 vel
593 1478 636 1520 in
665 1479 774 1520 hunc
802 1479 989 1520 modum:

764 1555 1046 1609 Tardavitque
1076 1567 1264 1604 manum3
1293 1554 1443 1596 vulnus
1471 1559 1612 1596 tamen
1640 1553 1761 1597 hasta
1787 1560 1994 1598 retentum
2012 1562 2122 1600 cett.

607 1702 647 1729 v.
676 1688 772 1729 418.

1024 1762 1157 1804 Stetit
1186 1763 1339 1803 arduus
1368 1763 1454 1803 alto

761 1840 897 1881 Amne
927 1853 1132 1894 manuque
1162 1852 1288 1894 genas
1318 1845 1361 1881 et
1387 1852 1496 1881 nexa
1523 1839 1754 1882 virentibus
1784 1840 1891 1883 ulvis

763 1919 929 1960 Cornua
958 1918 1208 1965 concutiens,
1238 1917 1298 1957 sic
1325 1917 1517 1957 turbidus
1548 1930 1616 1957 ore
1644 1919 1848 1969 profundo

759 1994 923 2047 Incipit.

496 2083 627 2123 Mirus
670 2083 737 2122 hic
781 2096 830 2122 ac
872 2094 1038 2134 prorsus
1067 2081 1262 2121 ridiculus
1291 2080 1460 2120 habitus
1488 2080 1654 2128 Ismeni,
1683 2093 1807 2121 manu
1836 2092 1962 2133 genas
1991 2086 2035 2122 et
2063 2096 2154 2123 cor-

497 2161 580 2188 nua
609 2147 901 2196 concutientis;
940 2159 989 2186 ac
1019 2159 1145 2199 genas
1175 2146 1338 2199 quidem
1369 2146 1568 2198 quomodo
1598 2152 1809 2187 concutere
1835 2146 1968 2199 possit
1995 2171 2049 2178 —-
2078 2162 2152 2190 ne-

497 2227 575 2268 que
606 2214 712 2255 enim
734 2220 952 2269 percutere
981 2212 1133 2253 dicitur
1161 2236 1215 2242 —
1245 2211 1491 2264 cogitatione
1521 2212 1713 2265 effingere
1742 2212 1813 2253 vix
1841 2225 2021 2266 possum.
2064 2215 2152 2256 Ne-

497 2280 673 2321 cessario
704 2279 1005 2332 corrigendum:
1562 2336 1564 2338 Ι

1280 2342 1411 2383 Stetit
1439 2343 1591 2384 arduus
1620 2343 1705 2384 alto

756 2421 893 2462 Amne
921 2420 1169 2475 maciemque
1197 2432 1322 2473 genas
1352 2424 1395 2460 et
1422 2433 1530 2461 nexa
1556 2420 1784 2462 virentibus
1814 2421 1919 2462 ulvis

759 2498 924 2538 Cornua.
952 2497 1199 2545 concutiens,
1227 2496 1286 2537 sic
1315 2501 1412 2537 cett.

493 2577 602 2617 Nam
634 2575 782 2627 capitis
812 2573 1023 2627 quassatio
1053 2573 1201 2614 doloris
1231 2578 1273 2614 et
1300 2573 1370 2614 irae
1398 2573 1592 2615 indicium
1624 2579 1701 2614 est.

603 2700 642 2727 v.
674 2685 768 2727 621.
825 2684 875 2726 In
911 2683 989 2725 hoc
1025 2696 1145 2725 versu
1173 2689 1268 2737 post
1288 2686 1484 2742 poposcit
1511 2699 1605 2736 non,
1634 2692 1683 2727 ut
1709 2687 1844 2741 vulgo,
1873 2688 2056 2730 maxima
2084 2688 2149 2730 di-

493 2752 673 2801 stinctio,
717 2752 790 2793 sed
833 2751 970 2792 media
1012 2751 1211 2803 ponenda.
1267 2752 1410 2806 Neque
1455 2753 1561 2794 enim
1591 2752 1659 2794 hic
1687 2754 1878 2807 periodus
1907 2755 2149 2805 absolvitur,

492 2820 564 2859 sed
608 2818 787 2871 protasis
831 2823 1010 2865 tantum,
1041 2829 1129 2869 quae
1158 2830 1184 2858 a
1212 2831 1331 2859 versu
1360 2819 1441 2860 612
1469 2820 1636 2873 incepta
1664 2820 1811 2862 deinde
1840 2820 2027 2863 liberiore
2056 2821 2149 2875 qui-

491 2886 583 2926 dem
614 2884 911 2926 sententiarum
942 2896 1126 2925 connexu
1153 2883 1232 2925 hue
1262 2898 1389 2939 usque
1418 2886 1691 2940 protenditur.

599 3009 639 3036 v.
668 2994 763 3039 838.

737 3041 744 3051 ι
1016 3072 1170 3114 Contra
1197 3073 1346 3127 premit
1372 3073 1482 3115 hinc'
1495 3072 1706 3115 Mavortia
1733 3073 1883 3128 cuspis,
