<?xml version="1.0" encoding="UTF-8"?>
<!DOCTYPE html PUBLIC "-//W3C//DTD XHTML 1.0 Transitional//EN"
    "http://www.w3.org/TR/xhtml1/DTD/xhtml1-transitional.dtd">
<html xmlns="http://www.w3.org/1999/xhtml" xml:lang="en" lang="en">
 <head>
  <title>
</title>
<meta http-equiv="Content-Type" content="text/html;charset=utf-8" />
  <meta name='ocr-system' content='tesseract 3.04.00' />
  <meta name='ocr-capabilities' content='ocr_page ocr_carea ocr_par ocr_line ocrx_word'/>
</head>
<body>
  <div class='ocr_page' id='page_1' title='image "4770924_0020.png"; bbox 0 0 2390 3721; ppageno 0'>
   <div class='ocr_carea' id='block_1_1' title="bbox 480 398 1488 438">
    <p class='ocr_par' dir='ltr' id='par_1_1' title="bbox 480 398 1488 438">
     <span class='ocr_line' id='line_1_1' title="bbox 480 398 1488 438; baseline 0.002 -3"><span class='ocrx_word' id='word_1_1' title='bbox 480 398 503 435; x_wconf 83' lang='lat'><strong>2</strong></span> <span class='ocrx_word' id='word_1_2' title='bbox 1118 399 1158 435; x_wconf 84' lang='lat' dir='ltr'><strong>O.</strong></span> <span class='ocrx_word' id='word_1_3' title='bbox 1189 400 1231 436; x_wconf 79' lang='lat' dir='ltr'><strong>E.</strong></span> <span class='ocrx_word' id='word_1_4' title='bbox 1262 400 1488 438; x_wconf 68' lang='lat' dir='ltr'><strong>Sandstrem.</strong></span> 
     </span>
    </p>
   </div>
   <div class='ocr_carea' id='block_1_2' title="bbox 475 512 2141 765">
    <p class='ocr_par' dir='ltr' id='par_1_2' title="bbox 475 512 2141 765">
     <span class='ocr_line' id='line_1_2' title="bbox 478 512 2141 566; baseline 0.001 -14"><span class='ocrx_word' id='word_1_5' title='bbox 478 512 650 564; x_wconf 86' lang='lat' dir='ltr'><strong>explosa</strong></span> <span class='ocrx_word' id='word_1_6' title='bbox 693 514 808 554; x_wconf 89' lang='lat' dir='ltr'><strong>nulla</strong></span> <span class='ocrx_word' id='word_1_7' title='bbox 849 513 971 564; x_wconf 85' lang='lat' dir='ltr'><strong>hujus</strong></span> <span class='ocrx_word' id='word_1_8' title='bbox 1015 515 1092 554; x_wconf 90' lang='lat' dir='ltr'><strong>loci</strong></span> <span class='ocrx_word' id='word_1_9' title='bbox 1136 513 1360 566; x_wconf 89' lang='lat' dir='ltr'><strong>probabilis</strong></span> <span class='ocrx_word' id='word_1_10' title='bbox 1405 514 1624 566; x_wconf 78' lang='lat' dir='ltr'><strong>explicatio</strong></span> <span class='ocrx_word' id='word_1_11' title='bbox 1655 519 1730 554; x_wconf 85' lang='lat' dir='ltr'><strong>est.</strong></span> <span class='ocrx_word' id='word_1_12' title='bbox 1789 513 1927 560; x_wconf 80' lang='lat' dir='ltr'>Quare</span> <span class='ocrx_word' id='word_1_13' title='bbox 1956 513 2062 561; x_wconf 87' lang='lat' dir='ltr'><strong>vide,</strong></span> <span class='ocrx_word' id='word_1_14' title='bbox 2092 525 2141 553; x_wconf 84' lang='lat' dir='ltr'><strong>ne</strong></span> 
     </span>
     <span class='ocr_line' id='line_1_3' title="bbox 475 577 2140 636; baseline 0 -19"><span class='ocrx_word' id='word_1_15' title='bbox 475 578 538 636; x_wconf 86' lang='lat' dir='ltr'><strong>ita</strong></span> <span class='ocrx_word' id='word_1_16' title='bbox 567 579 819 620; x_wconf 87' lang='lat' dir='ltr'><strong>commodius</strong></span> <span class='ocrx_word' id='word_1_17' title='bbox 848 577 1072 620; x_wconf 82' lang='lat' dir='ltr'><strong>scribatur:</strong></span> <span class='ocrx_word' id='word_1_18' title='bbox 1123 580 1254 626; x_wconf 82' lang='lat' dir='ltr'><strong>Quid</strong></span> <span class='ocrx_word' id='word_1_19' title='bbox 1286 579 1444 620; x_wconf 87' lang='lat' dir='ltr'><strong>enim?</strong></span> <span class='ocrx_word' id='word_1_20' title='bbox 1479 579 1632 619; x_wconf 74' lang='lat' dir='ltr'><strong>satisne</strong></span> <span class='ocrx_word' id='word_1_21' title='bbox 1677 578 1779 619; x_wconf 74' lang='lat' dir='ltr'><strong>mihi</strong></span> <span class='ocrx_word' id='word_1_22' title='bbox 1806 585 1938 619; x_wconf 78' lang='lat' dir='ltr'><strong>tutum</strong></span> <span class='ocrx_word' id='word_1_23' title='bbox 1967 593 2011 619; x_wconf 88' lang='lat' dir='ltr'><strong>eo</strong></span> <span class='ocrx_word' id='word_1_24' title='bbox 2040 585 2140 618; x_wconf 81' lang='lat' dir='ltr'><strong>tem-</strong></span> 
     </span>
     <span class='ocr_line' id='line_1_4' title="bbox 476 644 2139 700; baseline 0 -15"><span class='ocrx_word' id='word_1_25' title='bbox 476 659 583 698; x_wconf 83' lang='lat' dir='ltr'><strong>pore</strong></span> <span class='ocrx_word' id='word_1_26' title='bbox 620 644 745 700; x_wconf 75' lang='lat' dir='ltr'><strong>hujus</strong></span> <span class='ocrx_word' id='word_1_27' title='bbox 783 658 979 698; x_wconf 90' lang='lat' dir='ltr'><strong>quoque</strong></span> <span class='ocrx_word' id='word_1_28' title='bbox 1018 646 1337 686; x_wconf 88' lang='lat' dir='ltr'><strong>auctoritate</strong></span> <span class='ocrx_word' id='word_1_29' title='bbox 1374 645 1623 685; x_wconf 85' lang='lat' dir='ltr'><strong>editionis</strong></span> <span class='ocrx_word' id='word_1_30' title='bbox 1660 645 1885 693; x_wconf 88' lang='lat' dir='ltr'><strong>onerari,</strong></span> <span class='ocrx_word' id='word_1_31' title='bbox 1924 658 2017 698; x_wconf 94' lang='lat' dir='ltr'><strong>quo</strong></span> <span class='ocrx_word' id='word_1_32' title='bbox 2048 645 2139 685; x_wconf 88' lang='lat' dir='ltr'><strong>ad-</strong></span> 
     </span>
     <span class='ocr_line' id='line_1_5' title="bbox 482 710 1997 765; baseline 0 -15"><span class='ocrx_word' id='word_1_33' title='bbox 482 710 578 751; x_wconf 92' lang='lat' dir='ltr'><strong>huc</strong></span> <span class='ocrx_word' id='word_1_34' title='bbox 608 724 695 763; x_wconf 89' lang='lat' dir='ltr'><strong>pro</strong></span> <span class='ocrx_word' id='word_1_35' title='bbox 726 710 988 752; x_wconf 81' lang='lat' dir='ltr'><strong>Thebaide</strong></span> <span class='ocrx_word' id='word_1_36' title='bbox 1021 724 1145 759; x_wconf 88' lang='lat' dir='ltr'><strong>mea,</strong></span> <span class='ocrx_word' id='word_1_37' title='bbox 1176 725 1258 765; x_wconf 87' lang='lat' dir='ltr'><strong>qua</strong></span> <span class='ocrx_word' id='word_1_38' title='bbox 1287 711 1356 750; x_wconf 83' lang='lat' dir='ltr'><strong>avi</strong></span> <span class='ocrx_word' id='word_1_39' title='bbox 1385 723 1455 750; x_wconf 90' lang='lat' dir='ltr'><strong>me</strong></span> <span class='ocrx_word' id='word_1_40' title='bbox 1486 710 1784 763; x_wconf 83' lang='lat' dir='ltr'><strong>reliquerit,</strong></span> <span class='ocrx_word' id='word_1_41' title='bbox 1814 710 1997 750; x_wconf 89' lang='lat' dir='ltr'><strong>timeo?</strong></span> 
     </span>
    </p>
   </div>
   <div class='ocr_carea' id='block_1_3' title="bbox 481 795 2138 1309">
    <p class='ocr_par' dir='ltr' id='par_1_3' title="bbox 485 795 2138 979">
     <span class='ocr_line' id='line_1_6' title="bbox 595 795 2138 847; baseline -0.001 -10"><span class='ocrx_word' id='word_1_42' title='bbox 595 798 685 837; x_wconf 91' lang='lat' dir='ltr'><strong>Ibd.</strong></span> <span class='ocrx_word' id='word_1_43' title='bbox 744 797 981 838; x_wconf 85' lang='lat' dir='ltr'><strong>Ceterum</strong></span> <span class='ocrx_word' id='word_1_44' title='bbox 1025 797 1114 835; x_wconf 92' lang='lat' dir='ltr'><strong>hos</strong></span> <span class='ocrx_word' id='word_1_45' title='bbox 1157 808 1356 842; x_wconf 88' lang='lat' dir='ltr'><strong>versus,</strong></span> <span class='ocrx_word' id='word_1_46' title='bbox 1403 808 1527 846; x_wconf 89' lang='lat' dir='ltr'><strong>quos</strong></span> <span class='ocrx_word' id='word_1_47' title='bbox 1565 795 1613 833; x_wconf 92' lang='lat' dir='ltr'><strong>in</strong></span> <span class='ocrx_word' id='word_1_48' title='bbox 1653 808 1832 847; x_wconf 89' lang='lat' dir='ltr'><strong>equum</strong></span> <span class='ocrx_word' id='word_1_49' title='bbox 1871 796 2138 836; x_wconf 87' lang='lat' dir='ltr'><strong>maximum</strong></span> 
     </span>
     <span class='ocr_line' id='line_1_7' title="bbox 486 860 2138 914; baseline -0.001 -11"><span class='ocrx_word' id='word_1_50' title='bbox 486 864 611 911; x_wconf 89' lang='lat' dir='ltr'><strong>feci,</strong></span> <span class='ocrx_word' id='word_1_51' title='bbox 648 861 1107 914; x_wconf 86' lang='lat' dir='ltr'><strong>indulgentissimo</strong></span> <span class='ocrx_word' id='word_1_52' title='bbox 1137 860 1438 912; x_wconf 88' lang='lat' dir='ltr'><strong>imperatori</strong></span> <span class='ocrx_word' id='word_1_53' title='bbox 1469 865 1675 911; x_wconf 89' lang='lat' dir='ltr'><strong>postero</strong></span> <span class='ocrx_word' id='word_1_54' title='bbox 1705 860 1785 900; x_wconf 91' lang='lat' dir='ltr'><strong>die</strong></span> <span class='ocrx_word' id='word_1_55' title='bbox 1816 873 1957 912; x_wconf 84' lang='lat' dir='ltr'><strong>qnam</strong></span> <span class='ocrx_word' id='word_1_56' title='bbox 1990 861 2138 902; x_wconf 94' lang='lat' dir='ltr'><strong>dedi-</strong></span> 
     </span>
     <span class='ocr_line' id='line_1_8' title="bbox 485 926 1432 979; baseline -0.005 -11"><span class='ocrx_word' id='word_1_57' title='bbox 485 933 699 968; x_wconf 86' lang='lat' dir='ltr'><strong>caverat</strong></span> <span class='ocrx_word' id='word_1_58' title='bbox 727 940 851 979; x_wconf 89' lang='lat' dir='ltr'><strong>opus</strong></span> <span class='ocrx_word' id='word_1_59' title='bbox 879 927 1085 966; x_wconf 83' lang='lat' dir='ltr'><strong>tradere</strong></span> <span class='ocrx_word' id='word_1_60' title='bbox 1109 926 1284 977; x_wconf 86' lang='lat' dir='ltr'><strong>jussus</strong></span> <span class='ocrx_word' id='word_1_61' title='bbox 1315 937 1432 964; x_wconf 92' lang='lat' dir='ltr'><strong>sum.</strong></span> 
     </span>
    </p>

    <p class='ocr_par' dir='ltr' id='par_1_4' title="bbox 481 989 2137 1309">
     <span class='ocr_line' id='line_1_9' title="bbox 592 989 2137 1045; baseline -0.001 -11"><span class='ocrx_word' id='word_1_62' title='bbox 592 995 740 1034; x_wconf 87' lang='lat' dir='ltr'><strong>Jussus</strong></span> <span class='ocrx_word' id='word_1_63' title='bbox 777 999 840 1033; x_wconf 87' lang='lat' dir='ltr'><strong>est</strong></span> <span class='ocrx_word' id='word_1_64' title='bbox 877 1006 903 1032; x_wconf 90' lang='lat' dir='ltr'><strong>a</strong></span> <span class='ocrx_word' id='word_1_65' title='bbox 938 992 1043 1045; x_wconf 87' lang='lat' dir='ltr'><strong>quo?</strong></span> <span class='ocrx_word' id='word_1_66' title='bbox 1098 991 1255 1032; x_wconf 91' lang='lat' dir='ltr'><strong>Deinde</strong></span> <span class='ocrx_word' id='word_1_67' title='bbox 1285 990 1381 1043; x_wconf 91' lang='lat' dir='ltr'><strong>quid</strong></span> <span class='ocrx_word' id='word_1_68' title='bbox 1404 990 1523 1042; x_wconf 89' lang='lat' dir='ltr'><strong>jussu</strong></span> <span class='ocrx_word' id='word_1_69' title='bbox 1554 1002 1655 1042; x_wconf 89' lang='lat' dir='ltr'><strong>opus</strong></span> <span class='ocrx_word' id='word_1_70' title='bbox 1686 989 1793 1030; x_wconf 88' lang='lat' dir='ltr'><strong>fuit?</strong></span> <span class='ocrx_word' id='word_1_71' title='bbox 1848 990 1940 1031; x_wconf 91' lang='lat' dir='ltr'><strong>Non</strong></span> <span class='ocrx_word' id='word_1_72' title='bbox 1972 1004 2018 1031; x_wconf 91' lang='lat' dir='ltr'><strong>eo</strong></span> <span class='ocrx_word' id='word_1_73' title='bbox 2048 991 2137 1043; x_wconf 89' lang='lat' dir='ltr'><strong>ipso</strong></span> 
     </span>
     <span class='ocr_line' id='line_1_10' title="bbox 483 1055 2137 1109; baseline -0.002 -9"><span class='ocrx_word' id='word_1_74' title='bbox 483 1060 649 1101; x_wconf 90' lang='lat' dir='ltr'><strong>consilio</strong></span> <span class='ocrx_word' id='word_1_75' title='bbox 694 1061 860 1107; x_wconf 82' lang='lat' dir='ltr'><strong>fecerat,</strong></span> <span class='ocrx_word' id='word_1_76' title='bbox 905 1065 952 1098; x_wconf 89' lang='lat' dir='ltr'><strong>ut</strong></span> <span class='ocrx_word' id='word_1_77' title='bbox 994 1058 1204 1098; x_wconf 87' lang='lat' dir='ltr'><strong>traderet?</strong></span> <span class='ocrx_word' id='word_1_78' title='bbox 1260 1058 1469 1097; x_wconf 83' lang='lat' dir='ltr'><strong>Praeterea</strong></span> <span class='ocrx_word' id='word_1_79' title='bbox 1496 1056 1559 1096; x_wconf 86' lang='lat' dir='ltr'><strong>vis</strong></span> <span class='ocrx_word' id='word_1_80' title='bbox 1589 1055 1720 1096; x_wconf 90' lang='lat' dir='ltr'><strong>omnis</strong></span> <span class='ocrx_word' id='word_1_81' title='bbox 1750 1056 1980 1109; x_wconf 87' lang='lat' dir='ltr'><strong>argumenti</strong></span> <span class='ocrx_word' id='word_1_82' title='bbox 2010 1070 2061 1097; x_wconf 89' lang='lat' dir='ltr'><strong>ex</strong></span> <span class='ocrx_word' id='word_1_83' title='bbox 2090 1071 2137 1098; x_wconf 92' lang='lat' dir='ltr'><strong>eo</strong></span> 
     </span>
     <span class='ocr_line' id='line_1_11' title="bbox 484 1122 2137 1179; baseline -0.002 -13"><span class='ocrx_word' id='word_1_84' title='bbox 484 1127 650 1177; x_wconf 89' lang='lat' dir='ltr'><strong>pendet,</strong></span> <span class='ocrx_word' id='word_1_85' title='bbox 681 1139 758 1179; x_wconf 90' lang='lat' dir='ltr'><strong>quo</strong></span> <span class='ocrx_word' id='word_1_86' title='bbox 789 1126 853 1165; x_wconf 89' lang='lat' dir='ltr'><strong>die</strong></span> <span class='ocrx_word' id='word_1_87' title='bbox 883 1124 1112 1172; x_wconf 87' lang='lat' dir='ltr'><strong>tradiderit,</strong></span> <span class='ocrx_word' id='word_1_88' title='bbox 1143 1137 1220 1164; x_wconf 92' lang='lat' dir='ltr'><strong>non</strong></span> <span class='ocrx_word' id='word_1_89' title='bbox 1260 1135 1337 1176; x_wconf 93' lang='lat' dir='ltr'><strong>quo</strong></span> <span class='ocrx_word' id='word_1_90' title='bbox 1367 1122 1432 1163; x_wconf 90' lang='lat' dir='ltr'><strong>die</strong></span> <span class='ocrx_word' id='word_1_91' title='bbox 1461 1123 1624 1162; x_wconf 82' lang='lat' dir='ltr'><strong>tradere</strong></span> <span class='ocrx_word' id='word_1_92' title='bbox 1647 1122 1789 1174; x_wconf 83' lang='lat' dir='ltr'><strong>jussus</strong></span> <span class='ocrx_word' id='word_1_93' title='bbox 1819 1122 1886 1162; x_wconf 89' lang='lat' dir='ltr'><strong>sit.</strong></span> <span class='ocrx_word' id='word_1_94' title='bbox 1945 1123 2030 1175; x_wconf 83' lang='lat' dir='ltr'><strong>Vix</strong></span> <span class='ocrx_word' id='word_1_95' title='bbox 2059 1123 2137 1163; x_wconf 93' lang='lat' dir='ltr'><strong>du-</strong></span> 
     </span>
     <span class='ocr_line' id='line_1_12' title="bbox 482 1188 2136 1244; baseline -0.002 -12"><span class='ocrx_word' id='word_1_96' title='bbox 482 1192 568 1231; x_wconf 89' lang='lat' dir='ltr'><strong>bito</strong></span> <span class='ocrx_word' id='word_1_97' title='bbox 607 1192 703 1244; x_wconf 90' lang='lat' dir='ltr'><strong>quin</strong></span> <span class='ocrx_word' id='word_1_98' title='bbox 741 1205 766 1231; x_wconf 90' lang='lat' dir='ltr'><strong>a</strong></span> <span class='ocrx_word' id='word_1_99' title='bbox 803 1191 938 1231; x_wconf 87' lang='lat' dir='ltr'><strong>Statio</strong></span> <span class='ocrx_word' id='word_1_100' title='bbox 968 1190 1162 1242; x_wconf 87' lang='lat' dir='ltr'><strong>scriptum</strong></span> <span class='ocrx_word' id='word_1_101' title='bbox 1194 1189 1335 1229; x_wconf 89' lang='lat' dir='ltr'><strong>fuerit:</strong></span> <span class='ocrx_word' id='word_1_102' title='bbox 1367 1188 1529 1228; x_wconf 77' lang='lat' dir='ltr'><strong>tradere</strong></span> <span class='ocrx_word' id='word_1_103' title='bbox 1558 1202 1683 1228; x_wconf 71' lang='lat' dir='ltr'><strong>ausus</strong></span> <span class='ocrx_word' id='word_1_104' title='bbox 1711 1202 1814 1236; x_wconf 73' lang='lat' dir='ltr'><strong>sum,</strong></span> <span class='ocrx_word' id='word_1_105' title='bbox 1845 1189 1952 1241; x_wconf 91' lang='lat' dir='ltr'><strong>quod</strong></span> <span class='ocrx_word' id='word_1_106' title='bbox 1982 1188 2017 1229; x_wconf 90' lang='lat' dir='ltr'><strong>ei</strong></span> <span class='ocrx_word' id='word_1_107' title='bbox 2048 1202 2136 1241; x_wconf 84' lang='lat' dir='ltr'><strong>quae</strong></span> 
     </span>
     <span class='ocr_line' id='line_1_13' title="bbox 481 1252 2134 1309; baseline -0.001 -12"><span class='ocrx_word' id='word_1_108' title='bbox 481 1257 677 1309; x_wconf 90' lang='lat' dir='ltr'><strong>praecedit</strong></span> <span class='ocrx_word' id='word_1_109' title='bbox 712 1252 1159 1309; x_wconf 85' lang='lat' dir='ltr'><strong>indulgentissimi</strong></span> <span class='ocrx_word' id='word_1_110' title='bbox 1189 1254 1519 1308; x_wconf 87' lang='lat' dir='ltr'><strong>imperatoris</strong></span> <span class='ocrx_word' id='word_1_111' title='bbox 1549 1253 1817 1307; x_wconf 85' lang='lat' dir='ltr'><strong>appellationi</strong></span> <span class='ocrx_word' id='word_1_112' title='bbox 1847 1254 2002 1307; x_wconf 89' lang='lat' dir='ltr'><strong>optime</strong></span> <span class='ocrx_word' id='word_1_113' title='bbox 2035 1268 2134 1296; x_wconf 86' lang='lat' dir='ltr'><strong>con-</strong></span> 
     </span>
    </p>
   </div>
   <div class='ocr_carea' id='block_1_4' title="bbox 481 1323 608 1362">
    <p class='ocr_par' dir='ltr' id='par_1_5' title="bbox 481 1323 608 1362">
     <span class='ocr_line' id='line_1_14' title="bbox 481 1323 608 1362; baseline 0 0"><span class='ocrx_word' id='word_1_114' title='bbox 481 1323 608 1362; x_wconf 85' lang='lat' dir='ltr'><strong>venit.</strong></span> 
     </span>
    </p>
   </div>
   <div class='ocr_carea' id='block_1_5' title="bbox 473 1408 2134 2122">
    <p class='ocr_par' dir='ltr' id='par_1_6' title="bbox 478 1408 2134 1646">
     <span class='ocr_line' id='line_1_15' title="bbox 591 1408 2134 1461; baseline 0 -12"><span class='ocrx_word' id='word_1_115' title='bbox 591 1411 680 1449; x_wconf 93' lang='lat' dir='ltr'><strong>Ibd.</strong></span> <span class='ocrx_word' id='word_1_116' title='bbox 752 1409 1111 1460; x_wconf 87' lang='lat' dir='ltr'><strong>Respondebis</strong></span> <span class='ocrx_word' id='word_1_117' title='bbox 1147 1409 1229 1448; x_wconf 91' lang='lat' dir='ltr'><strong>illi</strong></span> <span class='ocrx_word' id='word_1_118' title='bbox 1267 1414 1341 1456; x_wconf 89' lang='lat' dir='ltr'><strong>tu,</strong></span> <span class='ocrx_word' id='word_1_119' title='bbox 1380 1408 1553 1448; x_wconf 85' lang='lat' dir='ltr'><strong>Stella</strong></span> <span class='ocrx_word' id='word_1_120' title='bbox 1590 1408 1880 1456; x_wconf 84' lang='lat' dir='ltr'><strong>carissime,</strong></span> <span class='ocrx_word' id='word_1_121' title='bbox 1911 1409 1992 1461; x_wconf 91' lang='lat' dir='ltr'><strong>qui</strong></span> <span class='ocrx_word' id='word_1_122' title='bbox 2023 1409 2134 1461; x_wconf 89' lang='lat' dir='ltr'><strong>epi-</strong></span> 
     </span>
     <span class='ocr_line' id='line_1_16' title="bbox 481 1473 2134 1528; baseline 0.001 -13"><span class='ocrx_word' id='word_1_123' title='bbox 481 1474 772 1516; x_wconf 89' lang='lat' dir='ltr'><strong>thalamion</strong></span> <span class='ocrx_word' id='word_1_124' title='bbox 811 1480 951 1515; x_wconf 86' lang='lat' dir='ltr'><strong>tuum</strong></span> <span class='ocrx_word' id='word_1_125' title='bbox 991 1474 1118 1528; x_wconf 93' lang='lat' dir='ltr'><strong>quod</strong></span> <span class='ocrx_word' id='word_1_126' title='bbox 1158 1473 1277 1514; x_wconf 92' lang='lat' dir='ltr'><strong>mihi</strong></span> <span class='ocrx_word' id='word_1_127' title='bbox 1314 1473 1614 1526; x_wconf 89' lang='lat' dir='ltr'><strong>injunxeras</strong></span> <span class='ocrx_word' id='word_1_128' title='bbox 1652 1473 1754 1515; x_wconf 89' lang='lat' dir='ltr'><strong>scis</strong></span> <span class='ocrx_word' id='word_1_129' title='bbox 1783 1473 1936 1516; x_wconf 92' lang='lat' dir='ltr'><strong>biduo</strong></span> <span class='ocrx_word' id='word_1_130' title='bbox 1966 1474 2134 1528; x_wconf 85' lang='lat' dir='ltr'><strong>scrip-</strong></span> 
     </span>
     <span class='ocr_line' id='line_1_17' title="bbox 479 1541 2132 1588; baseline 0.001 -7"><span class='ocrx_word' id='word_1_131' title='bbox 479 1547 596 1581; x_wconf 89' lang='lat' dir='ltr'><strong>tum.</strong></span> <span class='ocrx_word' id='word_1_132' title='bbox 657 1541 922 1580; x_wconf 88' lang='lat' dir='ltr'><strong>Audacter</strong></span> <span class='ocrx_word' id='word_1_133' title='bbox 964 1541 1264 1588; x_wconf 89' lang='lat' dir='ltr'><strong>mehercles;</strong></span> <span class='ocrx_word' id='word_1_134' title='bbox 1307 1541 1393 1579; x_wconf 89' lang='lat' dir='ltr'><strong>sed</strong></span> <span class='ocrx_word' id='word_1_135' title='bbox 1438 1546 1605 1580; x_wconf 88' lang='lat' dir='ltr'><strong>tamen</strong></span> <span class='ocrx_word' id='word_1_136' title='bbox 1651 1545 1850 1581; x_wconf 87' lang='lat' dir='ltr'><strong>tantum</strong></span> <span class='ocrx_word' id='word_1_137' title='bbox 1889 1554 1983 1581; x_wconf 92' lang='lat' dir='ltr'><strong>non</strong></span> <span class='ocrx_word' id='word_1_138' title='bbox 2015 1542 2132 1582; x_wconf 86' lang='lat' dir='ltr'><strong>CCC</strong></span> 
     </span>
     <span class='ocr_line' id='line_1_18' title="bbox 478 1605 1280 1646; baseline 0 0"><span class='ocrx_word' id='word_1_139' title='bbox 478 1607 504 1645; x_wconf 93' lang='lat' dir='ltr'>h</span> <span class='ocrx_word' id='word_1_140' title='bbox 519 1612 814 1646; x_wconf 83' lang='lat' dir='ltr'><strong>exametros</strong></span> <span class='ocrx_word' id='word_1_141' title='bbox 843 1606 1015 1646; x_wconf 89' lang='lat' dir='ltr'><strong>habet.</strong></span> <span class='ocrx_word' id='word_1_142' title='bbox 1046 1606 1104 1646; x_wconf 89' lang='lat' dir='ltr'><strong>sic</strong></span> <span class='ocrx_word' id='word_1_143' title='bbox 1133 1605 1280 1646; x_wconf 87' lang='lat' dir='ltr'><strong>Baehr.</strong></span> 
     </span>
    </p>

    <p class='ocr_par' dir='ltr' id='par_1_7' title="bbox 473 1671 2134 2122">
     <span class='ocr_line' id='line_1_19' title="bbox 585 1671 2132 1726; baseline 0.001 -15"><span class='ocrx_word' id='word_1_144' title='bbox 585 1673 634 1711; x_wconf 91' lang='lat' dir='ltr'><strong>In</strong></span> <span class='ocrx_word' id='word_1_145' title='bbox 677 1671 757 1712; x_wconf 90' lang='lat' dir='ltr'><strong>hac</strong></span> <span class='ocrx_word' id='word_1_146' title='bbox 799 1671 1004 1723; x_wconf 88' lang='lat' dir='ltr'><strong>scriptura</strong></span> <span class='ocrx_word' id='word_1_147' title='bbox 1033 1671 1128 1723; x_wconf 91' lang='lat' dir='ltr'><strong>quid</strong></span> <span class='ocrx_word' id='word_1_148' title='bbox 1158 1684 1177 1711; x_wconf 89' lang='lat' dir='ltr'><strong>s</strong></span> <span class='ocrx_word' id='word_1_149' title='bbox 1188 1684 1208 1711; x_wconf 93' lang='lat' dir='ltr'><strong>e</strong></span> <span class='ocrx_word' id='word_1_150' title='bbox 1217 1672 1242 1711; x_wconf 88' lang='lat' dir='ltr'><strong>d</strong></span> <span class='ocrx_word' id='word_1_151' title='bbox 1273 1671 1477 1723; x_wconf 88' lang='lat' dir='ltr'><strong>particula</strong></span> <span class='ocrx_word' id='word_1_152' title='bbox 1506 1671 1585 1711; x_wconf 90' lang='lat' dir='ltr'><strong>sibi</strong></span> <span class='ocrx_word' id='word_1_153' title='bbox 1615 1671 1731 1720; x_wconf 87' lang='lat' dir='ltr'><strong>velit,</strong></span> <span class='ocrx_word' id='word_1_154' title='bbox 1760 1685 1904 1724; x_wconf 89' lang='lat' dir='ltr'><strong>parum</strong></span> <span class='ocrx_word' id='word_1_155' title='bbox 1934 1672 2132 1726; x_wconf 81' lang='lat' dir='ltr'><strong>intelligi-</strong></span> 
     </span>
     <span class='ocr_line' id='line_1_20' title="bbox 476 1737 2133 1792; baseline 0.002 -16"><span class='ocrx_word' id='word_1_156' title='bbox 476 1744 556 1778; x_wconf 89' lang='lat' dir='ltr'><strong>tur.</strong></span> <span class='ocrx_word' id='word_1_157' title='bbox 615 1739 746 1778; x_wconf 91' lang='lat' dir='ltr'><strong>Immo</strong></span> <span class='ocrx_word' id='word_1_158' title='bbox 792 1751 871 1790; x_wconf 92' lang='lat' dir='ltr'><strong>quo</strong></span> <span class='ocrx_word' id='word_1_159' title='bbox 915 1738 1053 1789; x_wconf 84' lang='lat' dir='ltr'><strong>plures</strong></span> <span class='ocrx_word' id='word_1_160' title='bbox 1095 1750 1249 1785; x_wconf 77' lang='lat' dir='ltr'><strong>versu8‚</strong></span> <span class='ocrx_word' id='word_1_161' title='bbox 1286 1750 1331 1777; x_wconf 91' lang='lat' dir='ltr'><strong>eo</strong></span> <span class='ocrx_word' id='word_1_162' title='bbox 1362 1738 1490 1789; x_wconf 86' lang='lat' dir='ltr'><strong>major</strong></span> <span class='ocrx_word' id='word_1_163' title='bbox 1519 1738 1704 1778; x_wconf 88' lang='lat' dir='ltr'><strong>audacia.</strong></span> <span class='ocrx_word' id='word_1_164' title='bbox 1761 1737 1852 1780; x_wconf 90' lang='lat' dir='ltr'><strong>Aut</strong></span> <span class='ocrx_word' id='word_1_165' title='bbox 1879 1738 2005 1792; x_wconf 87' lang='lat' dir='ltr'><strong>igitur</strong></span> <span class='ocrx_word' id='word_1_166' title='bbox 2032 1739 2133 1781; x_wconf 92' lang='lat' dir='ltr'><strong>illud</strong></span> 
     </span>
     <span class='ocr_line' id='line_1_21' title="bbox 473 1802 2130 1858; baseline 0.002 -17"><span class='ocrx_word' id='word_1_167' title='bbox 473 1816 498 1841; x_wconf 87' lang='lat' dir='ltr'><strong>a</strong></span> <span class='ocrx_word' id='word_1_168' title='bbox 509 1817 533 1842; x_wconf 90' lang='lat' dir='ltr'><strong>u</strong></span> <span class='ocrx_word' id='word_1_169' title='bbox 544 1804 569 1842; x_wconf 94' lang='lat' dir='ltr'><strong>d</strong></span> <span class='ocrx_word' id='word_1_170' title='bbox 579 1815 605 1842; x_wconf 90' lang='lat' dir='ltr'><strong>a</strong></span> <span class='ocrx_word' id='word_1_171' title='bbox 614 1816 636 1842; x_wconf 89' lang='lat' dir='ltr'><strong>c</strong></span> <span class='ocrx_word' id='word_1_172' title='bbox 646 1808 664 1842; x_wconf 93' lang='lat' dir='ltr'><strong>t</strong></span> <span class='ocrx_word' id='word_1_173' title='bbox 674 1816 695 1842; x_wconf 92' lang='lat' dir='ltr'><strong>e</strong></span> <span class='ocrx_word' id='word_1_174' title='bbox 705 1816 725 1842; x_wconf 89' lang='lat' dir='ltr'><strong>r</strong></span> <span class='ocrx_word' id='word_1_175' title='bbox 769 1807 1003 1853; x_wconf 87' lang='lat' dir='ltr'><strong>corruptum</strong></span> <span class='ocrx_word' id='word_1_176' title='bbox 1054 1802 1436 1855; x_wconf 88' lang='lat' dir='ltr'><strong>rescribendumque</strong></span> <span class='ocrx_word' id='word_1_177' title='bbox 1488 1804 1661 1843; x_wconf 89' lang='lat' dir='ltr'><strong>fortasse</strong></span> <span class='ocrx_word' id='word_1_178' title='bbox 1706 1804 1784 1844; x_wconf 89' lang='lat' dir='ltr'><strong>erit</strong></span> <span class='ocrx_word' id='word_1_179' title='bbox 1827 1803 1981 1858; x_wconf 78' lang='lat' dir='ltr'><strong>abjecte</strong></span> <span class='ocrx_word' id='word_1_180' title='bbox 2024 1807 2130 1857; x_wconf 93' lang='lat' dir='ltr'><strong>quod</strong></span> 
     </span>
     <span class='ocr_line' id='line_1_22' title="bbox 474 1867 2134 1922; baseline 0.002 -13"><span class='ocrx_word' id='word_1_181' title='bbox 474 1869 584 1921; x_wconf 90' lang='lat' dir='ltr'><strong>apud</strong></span> <span class='ocrx_word' id='word_1_182' title='bbox 623 1867 802 1909; x_wconf 89' lang='lat' dir='ltr'><strong>Gellium</strong></span> <span class='ocrx_word' id='word_1_183' title='bbox 836 1868 978 1908; x_wconf 89' lang='lat' dir='ltr'><strong>eadem</strong></span> <span class='ocrx_word' id='word_1_184' title='bbox 1010 1881 1091 1920; x_wconf 94' lang='lat' dir='ltr'><strong>qua</strong></span> <span class='ocrx_word' id='word_1_185' title='bbox 1120 1882 1142 1907; x_wconf 92' lang='lat' dir='ltr'><strong>n</strong></span> <span class='ocrx_word' id='word_1_186' title='bbox 1156 1882 1176 1908; x_wconf 95' lang='lat' dir='ltr'><strong>e</strong></span> <span class='ocrx_word' id='word_1_187' title='bbox 1186 1868 1232 1920; x_wconf 86' lang='lat' dir='ltr'><strong>gl</strong></span> <span class='ocrx_word' id='word_1_188' title='bbox 1242 1867 1255 1907; x_wconf 89' lang='lat' dir='ltr'><strong>i</strong></span> <span class='ocrx_word' id='word_1_189' title='bbox 1265 1881 1289 1920; x_wconf 88' lang='lat' dir='ltr'><strong>g</strong></span> <span class='ocrx_word' id='word_1_190' title='bbox 1300 1881 1320 1909; x_wconf 91' lang='lat' dir='ltr'><strong>e</strong></span> <span class='ocrx_word' id='word_1_191' title='bbox 1331 1882 1355 1908; x_wconf 91' lang='lat' dir='ltr'><strong>n</strong></span> <span class='ocrx_word' id='word_1_192' title='bbox 1366 1873 1385 1908; x_wconf 89' lang='lat' dir='ltr'><strong>t</strong></span> <span class='ocrx_word' id='word_1_193' title='bbox 1395 1882 1415 1909; x_wconf 90' lang='lat' dir='ltr'><strong>e</strong></span> <span class='ocrx_word' id='word_1_194' title='bbox 1424 1881 1444 1908; x_wconf 89' lang='lat' dir='ltr'><strong>r</strong></span> <span class='ocrx_word' id='word_1_195' title='bbox 1476 1868 1773 1922; x_wconf 86' lang='lat' dir='ltr'><strong>significatione</strong></span> <span class='ocrx_word' id='word_1_196' title='bbox 1802 1869 2028 1920; x_wconf 84' lang='lat' dir='ltr'><strong>invenitur;</strong></span> <span class='ocrx_word' id='word_1_197' title='bbox 2060 1877 2134 1912; x_wconf 90' lang='lat' dir='ltr'><strong>aut</strong></span> 
     </span>
     <span class='ocr_line' id='line_1_23' title="bbox 477 1933 2132 1992; baseline 0.003 -19"><span class='ocrx_word' id='word_1_198' title='bbox 477 1948 560 1974; x_wconf 88' lang='lat' dir='ltr'><strong>una</strong></span> <span class='ocrx_word' id='word_1_199' title='bbox 589 1934 775 1978; x_wconf 88' lang='lat' dir='ltr'><strong>litterula</strong></span> <span class='ocrx_word' id='word_1_200' title='bbox 804 1933 937 1986; x_wconf 88' lang='lat' dir='ltr'><strong>ejecta</strong></span> <span class='ocrx_word' id='word_1_201' title='bbox 967 1933 1175 1973; x_wconf 88' lang='lat' dir='ltr'><strong>distinctio</strong></span> <span class='ocrx_word' id='word_1_202' title='bbox 1204 1933 1245 1973; x_wconf 92' lang='lat' dir='ltr'><strong>in</strong></span> <span class='ocrx_word' id='word_1_203' title='bbox 1275 1934 1381 1974; x_wconf 87' lang='lat' dir='ltr'><strong>hunc</strong></span> <span class='ocrx_word' id='word_1_204' title='bbox 1410 1935 1572 1975; x_wconf 88' lang='lat' dir='ltr'><strong>modum</strong></span> <span class='ocrx_word' id='word_1_205' title='bbox 1603 1935 1859 1988; x_wconf 86' lang='lat' dir='ltr'><strong>corrigenda:</strong></span> <span class='ocrx_word' id='word_1_206' title='bbox 1889 1935 2132 1992; x_wconf 69' lang='lat' dir='ltr'><strong>Responde-</strong></span> 
     </span>
     <span class='ocr_line' id='line_1_24' title="bbox 476 1998 2131 2054; baseline 0.002 -15"><span class='ocrx_word' id='word_1_207' title='bbox 476 2000 539 2040; x_wconf 69' lang='lat' dir='ltr'><strong>bis</strong></span> <span class='ocrx_word' id='word_1_208' title='bbox 567 2023 622 2029; x_wconf 91' lang='grc'><strong>--</strong></span> <span class='ocrx_word' id='word_1_209' title='bbox 665 2000 868 2054; x_wconf 76' lang='lat' dir='ltr'><strong>scriptum</strong></span> <span class='ocrx_word' id='word_1_210' title='bbox 910 2023 964 2028; x_wconf 97' lang='lat'><strong>—</strong></span> <span class='ocrx_word' id='word_1_211' title='bbox 995 1999 1190 2039; x_wconf 77' lang='lat' dir='ltr'><strong>audacter</strong></span> <span class='ocrx_word' id='word_1_212' title='bbox 1225 1998 1465 2040; x_wconf 73' lang='lat' dir='ltr'><strong>mehercle-3!</strong></span> <span class='ocrx_word' id='word_1_213' title='bbox 1500 2023 1553 2030; x_wconf 91' lang='lat'>—</span> <span class='ocrx_word' id='word_1_214' title='bbox 1582 2007 1619 2041; x_wconf 80' lang='lat' dir='ltr'><strong>et</strong></span> <span class='ocrx_word' id='word_1_215' title='bbox 1648 2008 1783 2041; x_wconf 74' lang='lat' dir='ltr'><strong>tamen</strong></span> <span class='ocrx_word' id='word_1_216' title='bbox 1813 2007 1927 2050; x_wconf 68' lang='lat' dir='ltr'><strong>cett„</strong></span> <span class='ocrx_word' id='word_1_217' title='bbox 1962 2008 2009 2043; x_wconf 92' lang='lat' dir='ltr'><strong>ut</strong></span> <span class='ocrx_word' id='word_1_218' title='bbox 2037 2016 2131 2043; x_wconf 86' lang='lat' dir='ltr'><strong>ver-</strong></span> 
     </span>
     <span class='ocr_line' id='line_1_25' title="bbox 475 2065 2130 2122; baseline 0.004 -17"><span class='ocrx_word' id='word_1_219' title='bbox 475 2079 593 2106; x_wconf 90' lang='lat' dir='ltr'><strong>suum</strong></span> <span class='ocrx_word' id='word_1_220' title='bbox 640 2065 863 2106; x_wconf 89' lang='lat' dir='ltr'><strong>multitudo</strong></span> <span class='ocrx_word' id='word_1_221' title='bbox 908 2079 984 2105; x_wconf 91' lang='lat' dir='ltr'><strong>non</strong></span> <span class='ocrx_word' id='word_1_222' title='bbox 1031 2065 1211 2105; x_wconf 83' lang='lat' dir='ltr'><strong>audaciae</strong></span> <span class='ocrx_word' id='word_1_223' title='bbox 1254 2070 1397 2117; x_wconf 88' lang='lat' dir='ltr'><strong>poetae,</strong></span> <span class='ocrx_word' id='word_1_224' title='bbox 1441 2067 1512 2107; x_wconf 88' lang='lat' dir='ltr'><strong>sed</strong></span> <span class='ocrx_word' id='word_1_225' title='bbox 1543 2066 1743 2119; x_wconf 81' lang='lat' dir='ltr'><strong>augustiae</strong></span> <span class='ocrx_word' id='word_1_226' title='bbox 1773 2068 1970 2122; x_wconf 87' lang='lat' dir='ltr'><strong>temporis</strong></span> <span class='ocrx_word' id='word_1_227' title='bbox 2001 2082 2130 2122; x_wconf 89' lang='lat' dir='ltr'><strong>oppo-</strong></span> 
     </span>
    </p>
   </div>
   <div class='ocr_carea' id='block_1_6' title="bbox 474 2137 2130 2255">
    <p class='ocr_par' dir='ltr' id='par_1_8' title="bbox 474 2137 2130 2255">
     <span class='ocr_line' id='line_1_26' title="bbox 474 2145 610 2171; baseline 0 0"><span class='ocrx_word' id='word_1_228' title='bbox 474 2145 529 2171; x_wconf 88' lang='lat' dir='ltr'><strong>na</strong></span> <span class='ocrx_word' id='word_1_229' title='bbox 601 2161 610 2171; x_wconf 92' lang='lat'><strong>.</strong></span> 
     </span>
     <span class='ocr_line' id='line_1_27' title="bbox 530 2137 2130 2255; baseline 0.003 -17"><span class='ocrx_word' id='word_1_230' title='bbox 530 2137 675 2238; x_wconf 67' lang='lat' dir='ltr'><strong>tuxibd.</strong></span> <span class='ocrx_word' id='word_1_231' title='bbox 734 2198 788 2237; x_wconf 90' lang='lat' dir='ltr'><strong>ln</strong></span> <span class='ocrx_word' id='word_1_232' title='bbox 820 2196 926 2237; x_wconf 90' lang='lat' dir='ltr'><strong>fine</strong></span> <span class='ocrx_word' id='word_1_233' title='bbox 958 2201 1076 2237; x_wconf 92' lang='lat' dir='ltr'><strong>sunt</strong></span> <span class='ocrx_word' id='word_1_234' title='bbox 1106 2197 1356 2237; x_wconf 83' lang='lat' dir='ltr'><strong>Kalendae</strong></span> <span class='ocrx_word' id='word_1_235' title='bbox 1384 2198 1709 2249; x_wconf 89' lang='lat' dir='ltr'><strong>Decembres,</strong></span> <span class='ocrx_word' id='word_1_236' title='bbox 1740 2200 1921 2253; x_wconf 90' lang='lat' dir='ltr'><strong>quibus</strong></span> <span class='ocrx_word' id='word_1_237' title='bbox 1952 2201 2130 2255; x_wconf 89' lang='lat' dir='ltr'><strong>utique</strong></span> 
     </span>
    </p>
   </div>
   <div class='ocr_carea' id='block_1_7' title="bbox 464 2263 2130 2978">
    <p class='ocr_par' dir='ltr' id='par_1_9' title="bbox 473 2263 2129 2383">
     <span class='ocr_line' id='line_1_28' title="bbox 474 2263 2129 2321; baseline 0.002 -15"><span class='ocrx_word' id='word_1_238' title='bbox 474 2264 730 2306; x_wconf 88' lang='lat' dir='ltr'><strong>creditur:</strong></span> <span class='ocrx_word' id='word_1_239' title='bbox 770 2268 970 2304; x_wconf 89' lang='lat' dir='ltr'><strong>noctem</strong></span> <span class='ocrx_word' id='word_1_240' title='bbox 1010 2263 1138 2304; x_wconf 91' lang='lat' dir='ltr'><strong>enim</strong></span> <span class='ocrx_word' id='word_1_241' title='bbox 1177 2263 1320 2304; x_wconf 90' lang='lat' dir='ltr'><strong>illam</strong></span> <span class='ocrx_word' id='word_1_242' title='bbox 1360 2264 1717 2307; x_wconf 83' lang='lat' dir='ltr'><strong>felicissimam</strong></span> <span class='ocrx_word' id='word_1_243' title='bbox 1756 2271 1807 2308; x_wconf 89' lang='lat' dir='ltr'><strong>et</strong></span> <span class='ocrx_word' id='word_1_244' title='bbox 1834 2267 2129 2321; x_wconf 87' lang='lat' dir='ltr'><strong>voluptati-</strong></span> 
     </span>
     <span class='ocr_line' id='line_1_29' title="bbox 473 2329 1185 2383; baseline -0.004 -11"><span class='ocrx_word' id='word_1_245' title='bbox 473 2332 562 2372; x_wconf 91' lang='lat' dir='ltr'><strong>bus</strong></span> <span class='ocrx_word' id='word_1_246' title='bbox 591 2330 820 2383; x_wconf 91' lang='lat' dir='ltr'><strong>publicis</strong></span> <span class='ocrx_word' id='word_1_247' title='bbox 849 2329 1185 2382; x_wconf 83' lang='lat' dir='ltr'><strong>inexpertam.</strong></span> 
     </span>
    </p>

    <p class='ocr_par' dir='ltr' id='par_1_10' title="bbox 464 2397 2130 2978">
     <span class='ocr_line' id='line_1_30' title="bbox 583 2397 2130 2453; baseline 0.003 -15"><span class='ocrx_word' id='word_1_248' title='bbox 583 2397 654 2439; x_wconf 90' lang='lat' dir='ltr'><strong>Sic</strong></span> <span class='ocrx_word' id='word_1_249' title='bbox 683 2397 843 2438; x_wconf 86' lang='lat' dir='ltr'><strong>codices</strong></span> <span class='ocrx_word' id='word_1_250' title='bbox 873 2410 952 2437; x_wconf 93' lang='lat' dir='ltr'><strong>non</strong></span> <span class='ocrx_word' id='word_1_251' title='bbox 984 2397 1036 2437; x_wconf 90' lang='lat' dir='ltr'><strong>ad</strong></span> <span class='ocrx_word' id='word_1_252' title='bbox 1066 2397 1186 2437; x_wconf 88' lang='lat' dir='ltr'><strong>finem</strong></span> <span class='ocrx_word' id='word_1_253' title='bbox 1216 2397 1414 2448; x_wconf 84' lang='lat' dir='ltr'><strong>perducta</strong></span> <span class='ocrx_word' id='word_1_254' title='bbox 1442 2398 1659 2439; x_wconf 88' lang='lat' dir='ltr'><strong>sententia.</strong></span> <span class='ocrx_word' id='word_1_255' title='bbox 1703 2399 1839 2453; x_wconf 82' lang='lat' dir='ltr'><strong>Vulgo</strong></span> <span class='ocrx_word' id='word_1_256' title='bbox 1869 2398 2015 2441; x_wconf 73' lang='lat' dir='ltr'><strong>habent</strong></span> <span class='ocrx_word' id='word_1_257' title='bbox 2034 2407 2130 2453; x_wconf 87' lang='lat' dir='ltr'><strong>post</strong></span> 
     </span>
     <span class='ocr_line' id='line_1_31' title="bbox 470 2461 2124 2516; baseline 0.002 -13"><span class='ocrx_word' id='word_1_258' title='bbox 470 2463 838 2504; x_wconf 88' lang='lat' dir='ltr'><strong>felicissimam</strong></span> <span class='ocrx_word' id='word_1_259' title='bbox 883 2461 1096 2502; x_wconf 88' lang='lat' dir='ltr'><strong>inseritur:</strong></span> <span class='ocrx_word' id='word_1_260' title='bbox 1141 2462 1398 2503; x_wconf 87' lang='lat' dir='ltr'><strong>Baehrensius</strong></span> <span class='ocrx_word' id='word_1_261' title='bbox 1429 2468 1522 2515; x_wconf 90' lang='lat' dir='ltr'><strong>post</strong></span> <span class='ocrx_word' id='word_1_262' title='bbox 1549 2463 1877 2516; x_wconf 87' lang='lat' dir='ltr'><strong>inexpertam</strong></span> <span class='ocrx_word' id='word_1_263' title='bbox 1908 2464 2124 2508; x_wconf 72' lang='lat' dir='ltr'><strong>celebrant.</strong></span> 
     </span>
     <span class='ocr_line' id='line_1_32' title="bbox 469 2527 2126 2586; baseline 0.002 -16"><span class='ocrx_word' id='word_1_264' title='bbox 469 2528 569 2570; x_wconf 81' lang='lat' dir='ltr'><strong>vale.</strong></span> <span class='ocrx_word' id='word_1_265' title='bbox 601 2529 775 2569; x_wconf 87' lang='lat' dir='ltr'><strong>addidit.</strong></span> <span class='ocrx_word' id='word_1_266' title='bbox 835 2528 991 2568; x_wconf 90' lang='lat' dir='ltr'><strong>Verum</strong></span> <span class='ocrx_word' id='word_1_267' title='bbox 1037 2527 1173 2567; x_wconf 84' lang='lat' dir='ltr'><strong>subito</strong></span> <span class='ocrx_word' id='word_1_268' title='bbox 1202 2527 1303 2567; x_wconf 90' lang='lat' dir='ltr'><strong>illud</strong></span> <span class='ocrx_word' id='word_1_269' title='bbox 1333 2541 1492 2569; x_wconf 88' lang='lat' dir='ltr'><strong>carmen</strong></span> <span class='ocrx_word' id='word_1_270' title='bbox 1523 2530 1692 2570; x_wconf 83' lang='lat' dir='ltr'><strong>effusum</strong></span> <span class='ocrx_word' id='word_1_271' title='bbox 1723 2544 1813 2572; x_wconf 84' lang='lat' dir='ltr'><strong>esse</strong></span> <span class='ocrx_word' id='word_1_272' title='bbox 1843 2544 1922 2572; x_wconf 90' lang='lat' dir='ltr'><strong>non</strong></span> <span class='ocrx_word' id='word_1_273' title='bbox 1953 2544 1999 2573; x_wconf 87' lang='lat' dir='ltr'><strong>eo</strong></span> <span class='ocrx_word' id='word_1_274' title='bbox 2029 2545 2126 2586; x_wconf 88' lang='lat' dir='ltr'><strong>pro-</strong></span> 
     </span>
     <span class='ocr_line' id='line_1_33' title="bbox 466 2593 2125 2647; baseline 0.002 -11"><span class='ocrx_word' id='word_1_275' title='bbox 466 2597 603 2643; x_wconf 89' lang='lat' dir='ltr'><strong>batur,</strong></span> <span class='ocrx_word' id='word_1_276' title='bbox 649 2596 756 2647; x_wconf 92' lang='lat' dir='ltr'><strong>quod</strong></span> <span class='ocrx_word' id='word_1_277' title='bbox 800 2594 915 2634; x_wconf 91' lang='lat' dir='ltr'><strong>illam</strong></span> <span class='ocrx_word' id='word_1_278' title='bbox 961 2593 1239 2633; x_wconf 87' lang='lat' dir='ltr'><strong>felicissimam</strong></span> <span class='ocrx_word' id='word_1_279' title='bbox 1284 2599 1441 2634; x_wconf 82' lang='lat' dir='ltr'><strong>noctem</strong></span> <span class='ocrx_word' id='word_1_280' title='bbox 1487 2595 1668 2636; x_wconf 89' lang='lat' dir='ltr'><strong>continet</strong></span> <span class='ocrx_word' id='word_1_281' title='bbox 1709 2597 1774 2637; x_wconf 87' lang='lat' dir='ltr'><strong>vel</strong></span> <span class='ocrx_word' id='word_1_282' title='bbox 1815 2597 2017 2638; x_wconf 85' lang='lat' dir='ltr'><strong>celebrat:</strong></span> <span class='ocrx_word' id='word_1_283' title='bbox 2047 2600 2125 2640; x_wconf 88' lang='lat' dir='ltr'><strong>nisi</strong></span> 
     </span>
     <span class='ocr_line' id='line_1_34' title="bbox 466 2658 2124 2716; baseline 0.002 -14"><span class='ocrx_word' id='word_1_284' title='bbox 466 2662 571 2702; x_wconf 88' lang='lat' dir='ltr'><strong>forte</strong></span> <span class='ocrx_word' id='word_1_285' title='bbox 616 2659 816 2713; x_wconf 86' lang='lat' dir='ltr'><strong>postridie</strong></span> <span class='ocrx_word' id='word_1_286' title='bbox 860 2659 1005 2699; x_wconf 87' lang='lat' dir='ltr'><strong>harum</strong></span> <span class='ocrx_word' id='word_1_287' title='bbox 1044 2658 1226 2711; x_wconf 87' lang='lat' dir='ltr'><strong>ipsarum</strong></span> <span class='ocrx_word' id='word_1_288' title='bbox 1258 2659 1515 2700; x_wconf 88' lang='lat' dir='ltr'><strong>calendarum</strong></span> <span class='ocrx_word' id='word_1_289' title='bbox 1546 2661 1700 2702; x_wconf 89' lang='lat' dir='ltr'><strong>editum</strong></span> <span class='ocrx_word' id='word_1_290' title='bbox 1729 2662 1837 2703; x_wconf 91' lang='lat' dir='ltr'><strong>hunc</strong></span> <span class='ocrx_word' id='word_1_291' title='bbox 1866 2662 2041 2716; x_wconf 89' lang='lat' dir='ltr'><strong>primum</strong></span> <span class='ocrx_word' id='word_1_292' title='bbox 2071 2664 2124 2705; x_wconf 89' lang='lat' dir='ltr'><strong>li-</strong></span> 
     </span>
     <span class='ocr_line' id='line_1_35' title="bbox 464 2724 2125 2777; baseline 0.002 -10"><span class='ocrx_word' id='word_1_293' title='bbox 464 2728 582 2767; x_wconf 89' lang='lat' dir='ltr'><strong>brum</strong></span> <span class='ocrx_word' id='word_1_294' title='bbox 614 2740 704 2767; x_wconf 89' lang='lat' dir='ltr'><strong>esse</strong></span> <span class='ocrx_word' id='word_1_295' title='bbox 734 2725 970 2766; x_wconf 86' lang='lat' dir='ltr'><strong>statuimus.</strong></span> <span class='ocrx_word' id='word_1_296' title='bbox 1030 2724 1150 2770; x_wconf 84' lang='lat' dir='ltr'><strong>Quod</strong></span> <span class='ocrx_word' id='word_1_297' title='bbox 1181 2729 1227 2764; x_wconf 91' lang='lat' dir='ltr'><strong>ut</strong></span> <span class='ocrx_word' id='word_1_298' title='bbox 1255 2724 1340 2764; x_wconf 86' lang='lat' dir='ltr'><strong>fieri</strong></span> <span class='ocrx_word' id='word_1_299' title='bbox 1368 2726 1514 2777; x_wconf 88' lang='lat' dir='ltr'><strong>potuit,</strong></span> <span class='ocrx_word' id='word_1_300' title='bbox 1543 2726 1616 2776; x_wconf 85' lang='lat' dir='ltr'><strong>ita,</strong></span> <span class='ocrx_word' id='word_1_301' title='bbox 1633 2741 1703 2768; x_wconf 89' lang='lat' dir='ltr'><strong>cur</strong></span> <span class='ocrx_word' id='word_1_302' title='bbox 1732 2729 1887 2770; x_wconf 83' lang='lat' dir='ltr'><strong>factum</strong></span> <span class='ocrx_word' id='word_1_303' title='bbox 1917 2742 2006 2770; x_wconf 80' lang='lat' dir='ltr'><strong>esse</strong></span> <span class='ocrx_word' id='word_1_304' title='bbox 2036 2743 2125 2772; x_wconf 87' lang='lat' dir='ltr'><strong>cre-</strong></span> 
     </span>
     <span class='ocr_line' id='line_1_36' title="bbox 467 2790 2126 2844; baseline 0.002 -10"><span class='ocrx_word' id='word_1_305' title='bbox 467 2796 626 2842; x_wconf 88' lang='lat' dir='ltr'><strong>damus,</strong></span> <span class='ocrx_word' id='word_1_306' title='bbox 657 2793 757 2834; x_wconf 90' lang='lat' dir='ltr'><strong>nihil</strong></span> <span class='ocrx_word' id='word_1_307' title='bbox 803 2805 903 2833; x_wconf 89' lang='lat' dir='ltr'><strong>sane</strong></span> <span class='ocrx_word' id='word_1_308' title='bbox 947 2795 1100 2832; x_wconf 87' lang='lat' dir='ltr'><strong>exstat.</strong></span> <span class='ocrx_word' id='word_1_309' title='bbox 1173 2790 1363 2843; x_wconf 84' lang='lat' dir='ltr'><strong>Apparet</strong></span> <span class='ocrx_word' id='word_1_310' title='bbox 1405 2797 1550 2844; x_wconf 83' lang='lat' dir='ltr'><strong>praeter</strong></span> <span class='ocrx_word' id='word_1_311' title='bbox 1592 2795 1759 2836; x_wconf 88' lang='lat' dir='ltr'><strong>verbum</strong></span> <span class='ocrx_word' id='word_1_312' title='bbox 1797 2795 2012 2837; x_wconf 81' lang='lat' dir='ltr'><strong>sententioe</strong></span> <span class='ocrx_word' id='word_1_313' title='bbox 2042 2797 2126 2839; x_wconf 88' lang='lat' dir='ltr'><strong>alia</strong></span> 
     </span>
     <span class='ocr_line' id='line_1_37' title="bbox 464 2857 2124 2916; baseline 0.002 -15"><span class='ocrx_word' id='word_1_314' title='bbox 464 2873 622 2914; x_wconf 89' lang='lat' dir='ltr'><strong>quoque</strong></span> <span class='ocrx_word' id='word_1_315' title='bbox 660 2859 858 2901; x_wconf 88' lang='lat' dir='ltr'><strong>nonnulla</strong></span> <span class='ocrx_word' id='word_1_316' title='bbox 896 2857 1111 2906; x_wconf 81' lang='lat' dir='ltr'><strong>excidisse,</strong></span> <span class='ocrx_word' id='word_1_317' title='bbox 1142 2870 1230 2910; x_wconf 87' lang='lat' dir='ltr'><strong>quae</strong></span> <span class='ocrx_word' id='word_1_318' title='bbox 1262 2870 1381 2910; x_wconf 90' lang='lat' dir='ltr'><strong>quum</strong></span> <span class='ocrx_word' id='word_1_319' title='bbox 1412 2859 1572 2900; x_wconf 88' lang='lat' dir='ltr'><strong>restitui</strong></span> <span class='ocrx_word' id='word_1_320' title='bbox 1603 2866 1712 2902; x_wconf 90' lang='lat' dir='ltr'><strong>certo</strong></span> <span class='ocrx_word' id='word_1_321' title='bbox 1743 2875 1821 2903; x_wconf 92' lang='lat' dir='ltr'><strong>non</strong></span> <span class='ocrx_word' id='word_1_322' title='bbox 1851 2861 2024 2916; x_wconf 84' lang='lat' dir='ltr'><strong>possint,</strong></span> <span class='ocrx_word' id='word_1_323' title='bbox 2054 2868 2124 2906; x_wconf 91' lang='lat' dir='ltr'><strong>tu-</strong></span> 
     </span>
     <span class='ocr_line' id='line_1_38' title="bbox 465 2924 2028 2978; baseline 0.001 -11"><span class='ocrx_word' id='word_1_324' title='bbox 465 2928 549 2967; x_wconf 90' lang='lat' dir='ltr'><strong>tius</strong></span> <span class='ocrx_word' id='word_1_325' title='bbox 580 2926 757 2968; x_wconf 88' lang='lat' dir='ltr'><strong>editores</strong></span> <span class='ocrx_word' id='word_1_326' title='bbox 788 2927 979 2967; x_wconf 88' lang='lat' dir='ltr'><strong>lacunam</strong></span> <span class='ocrx_word' id='word_1_327' title='bbox 1011 2925 1296 2965; x_wconf 90' lang='lat' dir='ltr'><strong>tantummodo</strong></span> <span class='ocrx_word' id='word_1_328' title='bbox 1326 2924 1622 2978; x_wconf 85' lang='lat' dir='ltr'><strong>significabunt.</strong></span> <span class='ocrx_word' id='word_1_329' title='bbox 2025 2944 2028 2946; x_wconf 92' lang='lat'>·</span> 
     </span>
    </p>
   </div>
  </div>
 </body>
</html>
