2441 3742
741 354 873 391 Studia
899 355 1040 392 Critioa
1067 355 1107 391 in
1135 354 1334 400 Pupiniam
1361 353 1536 390 Statium.
1917 353 1970 387 29

325 464 508 508 ”Sobriis
537 462 680 507 terris''
710 465 902 519 quoniam
924 477 947 506 e
962 464 1164 506 contrario
1179 468 1440 518 opponuntur
1455 460 1617 504 ”Cereri
1631 462 1972 518 negatajugera”,

322 533 462 574 eodem
492 531 580 573 hoec
607 531 780 573 redeunt
807 544 857 573 ac
883 531 919 572 si
948 531 1090 573 eadem
1118 531 1161 573 in
1189 536 1361 585 utroque
1390 529 1550 572 nomine
1578 528 1847 572 translatione
1875 545 1972 574 usus

319 597 513 639 dixisset:
544 597 613 652 qui
642 597 756 638 ebria
778 598 925 652 jugera
952 597 1190 652 sobriasque
1218 603 1351 639 terras
1381 595 1519 638 Cereri
1534 594 1683 636 reddit.
1720 595 1838 643 Quod
1862 603 1971 639 certe

321 664 418 704 ferri
447 677 526 704 non
556 669 708 717 potest,
738 663 785 705 ut
813 665 971 705 duobus
1007 665 1250 713 nominibus,
1280 676 1368 718 quae
1397 676 1562 716 prorsus
1592 674 1643 703 ex
1671 674 1785 716 aequo
1812 676 1971 716 ponan-

319 735 388 771 tur
430 736 473 771 et
513 730 622 772 inter
663 744 753 772 sese
788 731 1076 785 respondeant,
1106 731 1292 786 epitheta
1320 729 1532 772 contrariae
1561 727 1867 782 significationis
1895 730 1972 771 ad-

313 796 553 850 jungantur,
607 797 670 838 ita
713 803 760 839 ut
802 797 977 838 alterum
1021 798 1074 838 ad
1117 798 1370 851 praeteritum
1414 800 1589 849 spectet,
1625 795 1800 836 alterum
1844 796 1971 837 futuri

318 863 515 916 temporis
558 863 746 905 effectum
789 864 1004 917 significet.
1076 863 1215 911 Quare
1244 863 1463 905 videndum
1495 867 1573 911 est,
1609 874 1661 902 ne
1690 860 1829 914 potius
1855 861 1918 902 ita
1945 874 1972 902 a

318 934 443 981 poeta
470 929 596 970 fuerit
622 929 830 971 relictum:

705 1005 787 1054 Qui
815 1011 940 1049 castae
969 1006 1107 1049 Cereri
1135 1006 1206 1048 diu
1235 1010 1388 1060 negata

707 1084 864 1126 Reddit
884 1085 1033 1138 jugera
1059 1083 1294 1139 sobriaeque
1321 1087 1454 1124 terras
1461 1095 1475 1132 ;

314 1170 412 1212 licet
438 1170 515 1213 hoc
542 1172 710 1214 verbum
738 1173 944 1215 sobriandi
974 1173 1043 1227 qui
1071 1176 1271 1227 praeterea
1298 1170 1571 1226 usurpaverit,
1586 1176 1761 1224 excepto
1774 1170 1966 1212 Paullino

316 1236 491 1287 Nolano,
519 1251 637 1280 nemo
665 1239 904 1292 reperiatur.

422 1338 463 1366 v.
492 1324 561 1368 59.

704 1392 782 1434 His
809 1405 960 1446 parvus
988 1392 1066 1434 nisi
1094 1392 1223 1434 devia}
1249 1396 1441 1433 vetarent

704 1469 829 1510 Inous
857 1470 966 1511 freta
992 1469 1225 1511 miscuisset
1250 1468 1444 1510 Isthmos.

311 1555 382 1597 Sic
410 1556 569 1598 codices
598 1570 677 1598 non
705 1557 955 1610 interpolati.
1012 1557 1213 1611 Equidem
1243 1557 1294 1598 de
1321 1556 1399 1598 hoc
1427 1557 1514 1597 loco
1541 1556 1605 1597 ita
1631 1557 1864 1598 ratiocinor.
1915 1557 1962 1599 Si

311 1622 502 1677 adjunxit
529 1628 654 1677 poeta
682 1636 862 1673 causam,
891 1636 962 1666 cur
996 1623 1193 1673 Isthmus,
1222 1636 1342 1678 quem
1370 1622 1453 1664 illis
1481 1622 1670 1664 manibus
1698 1623 1857 1677 perfodi
1885 1636 1962 1678 po-

310 1689 439 1731 tuisse
479 1690 592 1738 dicit,
634 1695 774 1731 tamen
802 1691 1009 1743 perfossus
1038 1703 1118 1732 uon
1147 1695 1271 1738 esset,
1300 1702 1423 1744 quam
1451 1690 1620 1730 taudem
1649 1702 1815 1731 causam
1844 1695 1962 1731 attu-

311 1754 408 1797 lisse
451 1769 541 1797 eum
585 1756 762 1797 maxime
790 1757 1002 1810 probabile
1032 1761 1097 1798 est
1124 1769 1197 1810 pro
1227 1755 1456 1798 adulatorio
1484 1755 1613 1797 totius
1643 1756 1841 1798 carminis
1862 1770 1961 1798 con-

310 1820 430 1863 silio?
483 1822 641 1875 Nempe
685 1835 790 1871 eam,
833 1824 940 1876 quod
981 1822 1077 1864 huic
1118 1823 1232 1864 laudi
1272 1822 1463 1863 bellicam
1507 1822 1676 1875 gloriam
1712 1823 1963 1875 praetulisset

309 1886 585 1938 Domitianus,
627 1887 734 1942 quod
770 1888 999 1943 longinquis
1041 1888 1161 1930 bellis
1188 1888 1252 1930 ita
1277 1887 1501 1942 implicitus
1530 1887 1690 1938 fuisset,
1718 1893 1767 1930 ut
1794 1888 1896 1930 nihil
1925 1888 1962 1931 ei

309 1966 414 1994 curae
457 1959 500 1995 et
541 1954 737 2008 temporis
766 1956 819 1996 ad
847 1955 1079 2007 hujusmodi
1107 1968 1233 2008 opera
1259 1955 1568 2008 relinqueretur.
1623 1954 1721 1995 Jam
1750 1955 1961 2008 epitheton

301 2033 476 2075 parvus,
526 2020 634 2074 quod
663 2020 767 2062 alias
809 2026 920 2062 recte
948 2021 1044 2062 huic
1070 2020 1229 2062 Isthmo
1257 2020 1465 2069 tribuitur,
1494 2020 1547 2061 ab
1575 2020 1653 2061 hoc
1680 2020 1768 2062 loco
1797 2021 1966 2063 alienis·

307 2084 455 2127 simum
485 2091 563 2134 est,
581 2086 650 2128 ubi
680 2100 759 2128 non
791 2086 1018 2136 extenuari,
1046 2088 1119 2129 sed
1148 2087 1287 2140 augeri
1317 2085 1541 2128 difficultas
1569 2086 1704 2139 operis
1719 2086 1855 2129 debet.
1884 2087 1963 2129 His

304 2151 533 2193 rationibus
561 2152 708 2194 ductus
735 2153 798 2194 ita
825 2153 1082 2195 scribendum
1111 2153 1307 2194 arbitror:

698 2229 789 2279 His,
818 2228 965 2272 laum
993 2230 1072 2272 nisi
1101 2230 1231 2271 deviae
1257 2236 1463 2278 vocarent,

699 2307 824 2351 Inous
852 2308 963 2351 freta
989 2307 1224 2351 miscuisset
1250 2306 1444 2351 Isthmos.

418 2418 464 2462 0.
493 2418 558 2460 IV
558 2448 571 2467 ,
598 2432 638 2460 v.
667 2417 734 2460 65.

829 2485 939 2527 Sunt
967 2486 1152 2527 membra
1179 2486 1441 2527 accommoda
1468 2485 1588 2526 bellis

566 2560 728 2615 Quique
757 2575 923 2615 gravem
952 2564 1072 2605 tarde
1100 2563 1278 2605 subeant
1306 2562 1478 2604 thoraca
1504 2561 1660 2604 lacerti.

304 2651 499 2692 Fortasse
527 2650 822 2703 reponendum:

567 2725 728 2780 Quique
757 2739 921 2779 gravem
951 2727 1071 2767 tarde
1091 2726 1269 2783 fuqiant
1297 2727 1469 2767 thoraca
1495 2726 1653 2766 lacerti.

306 2816 397 2859 Hoc
439 2820 523 2858 est:
567 2814 636 2870 qui
677 2813 857 2857 thoracis
894 2814 1051 2867 pondus
1079 2827 1160 2856 non
1190 2814 1270 2855 cito
1299 2812 1511 2867 abjiciant,
1539 2813 1690 2868 quippe
1718 2813 1789 2868 qui
1817 2813 1888 2856 diu
1916 2814 1958 2856 id

305 2883 411 2925 ferre
439 2881 684 2924 sustineant.

415 2984 455 3012 v·
483 2969 552 3012 81.
824 3036 1026 3078 Credetue
1053 3026 1185 3076 virum
1213 3041 1390 3077 ventura
1416 3049 1611 3089 propago,

565 3115 668 3163 Cum
697 3119 857 3177 segetes
883 3112 1046 3164 iterum,
1074 3125 1165 3155 cum
1189 3113 1278 3173 jam
1305 3111 1395 3162 haec
1422 3114 1589 3162 deserta
1615 3114 1821 3166 virebant,
