2375 3660
477 301 529 336 5⁴
1012 327 1015 330 Δ
1115 297 1156 337 G.
1186 299 1228 336 E.
1259 297 1484 337 Sandstrom.

481 415 552 456 Sic
581 427 723 456 omnes
754 414 972 456 ediderunt
1000 413 1105 455 mira
1133 414 1404 468 neglegentia.
1463 414 1573 461 Quid
1603 420 1667 456 est
1695 414 1801 456 enim
1830 413 1926 456 hoc:
1949 412 2072 470 jubes
2094 414 2141 455 in

482 480 665 523 tumulos
707 481 837 531 abire,
879 481 919 522 si
954 481 1058 536 quid
1084 487 1217 522 mater
1244 478 1441 537 reliquit?
1495 482 1645 524 Utrum
1676 480 1850 523 Semelae
1879 478 2054 523 cinerem
2084 494 2137 523 an

477 548 689 590 Bacchum
730 548 866 602 ipsum
908 547 950 587 in
994 547 1173 588 tumulos
1202 547 1315 589 abire
1338 548 1505 600 juberet
1531 548 1560 589 J
1563 546 1753 601 uppiter?
1806 547 1932 589 Merae
1959 547 2138 602 ineptiae.

477 615 858 669 Interpungendum
888 618 972 654 est:

743 689 836 738 Quo
865 702 986 731 sacra
1012 694 1152 731 tamen
1180 688 1366 743 ritusque
1394 693 1618 743 peremptae

740 768 889 810 Gentis
918 772 974 815 et,
1001 767 1043 807 in
1073 766 1253 807 tumulos
1282 766 1317 806 si
1346 766 1443 819 quid
1473 766 1581 807 male
1609 766 1724 807 foeta
1750 765 1918 819 reliquit

742 846 892 893 Mater,
922 843 1035 885 abire
1057 843 1210 896 jubes?

480 930 593 981 ”Quo
622 946 741 974 sacra
768 932 1063 986 religionesque
1092 935 1135 972 et
1163 931 1197 972 si
1228 930 1323 984 quid
1364 944 1415 972 ex
1446 935 1577 972 matre
1606 930 1777 972 fulmine
1805 936 1878 972 tuo
1908 931 2137 980 combusta,

483 1000 590 1053 quod
620 999 779 1040 tumulo
806 997 948 1039 inferri
977 1001 1131 1051 posset,
1160 997 1346 1038 relictum
1377 1001 1454 1046 est,
1484 997 1598 1038 abire
1620 996 1766 1050 jubes.
1754 993 1794 1025 ⁹”

584 1120 676 1160 Lib.
707 1119 826 1168 VIII,
858 1119 949 1160 150.

741 1196 895 1249 Stupet
921 1196 1010 1238 haec
1039 1201 1082 1238 et
1111 1196 1276 1237 credere
1305 1195 1514 1237 Adrastus

739 1274 989 1316 Cunetatur:
1020 1274 1093 1316 sed
1121 1274 1293 1327 Mopsus
1320 1273 1429 1314 idem
1459 1273 1724 1328 trepidusque
1754 1274 1917 1316 ferebat

738 1352 871 1393 Actor
897 1352 1029 1402 idem3
1047 1365 1154 1393 ,nam
1185 1353 1299 1393 fama
1325 1352 1442 1392 novis
1470 1351 1695 1393 terroribus
1724 1352 1863 1393 audax

736 1429 830 1470 Non
859 1442 986 1470 unum
1017 1429 1211 1471 cecidisse
1239 1429 1379 1470 refert.

475 1516 612 1565 Quum
641 1518 812 1571 Mopsus
842 1523 886 1559 et
913 1517 1047 1559 Actor
1072 1518 1181 1559 idem
1212 1517 1319 1571 quod
1348 1516 1505 1571 primus
1534 1517 1702 1559 nuntius
1735 1523 1917 1568 narrent,
1945 1517 2013 1561 hic
2040 1533 2137 1563 vero

475 1598 601 1626 uuum
645 1584 947 1638 Amphiaraum
991 1584 1230 1626 occubuisse
1259 1584 1460 1633 retulerit,
1490 1598 1588 1625 nam
1616 1584 1822 1638 particula
1849 1586 1973 1639 plane
2002 1586 2140 1629 aliena

474 1656 540 1692 est
569 1657 612 1693 et
631 1651 727 1707 jam
756 1651 1029 1693 scribendum.

585 1754 624 1781 v.
654 1736 750 1782 267.

738 1818 809 1859 Sic
838 1818 908 1859 ubi
937 1831 1011 1871 per
1038 1819 1187 1859 fluctus
1217 1831 1296 1858 uno
1325 1816 1428 1858 ratis
1457 1816 1607 1858 obruta
1635 1829 1775 1857 somno

668 1896 670 1898 ’
742 1895 954 1937 Conticuit
980 1896 1169 1949 tantique
1198 1895 1324 1936 maris
1352 1907 1498 1935 secura
1519 1894 1718 1947 juventus

740 1973 993 2014 Mandavere
1023 1973 1181 2013 anima-s
1211 1977 1308 2013 cett.

479 2065 593 2106 Certi
630 2064 803 2116 alicujus
847 2065 972 2105 maris
1001 2065 1116 2104 nulla
1142 2064 1184 2104 in
1214 2064 1416 2116 prioribus
1446 2063 1597 2104 mentio
1627 2064 1741 2104 facta
1770 2069 1847 2112 est,
1876 2069 1924 2104 ut
1951 2064 2018 2105 hic
2047 2077 2137 2105 ma-

475 2131 647 2185 gnitudo
677 2130 765 2183 ejus
794 2129 968 2185 intelligi
997 2129 1141 2184 possit.
1199 2129 1367 2171 Certum
1396 2129 1528 2170 habeo
1557 2141 1584 2170 a
1611 2129 1749 2170 Statio
1777 2129 1821 2170 in
1848 2128 1957 2171 hunc
1971 2130 2135 2172 modum

474 2197 686 2239 relictum:

1005 2261 1195 2315 tantique
1223 2260 1329 2302 mali
1355 2275 1500 2303 secura
1521 2262 1719 2314 juventus
1748 2267 1847 2304 cett.

474 2340 659 2390 Scilicet,
690 2345 891 2394 quantum
920 2352 1033 2381 mare
1063 2345 1140 2382 est.

581 2471 621 2499 v.
652 2457 750 2499 552.

736 2522 865 2577 Cupit
892 2521 962 2564 ille
992 2526 1147 2571 tamen,
1177 2534 1416 2576 pugnasque
1445 2519 1633 2575 virosque

736 2600 932 2643 Forsitan
962 2605 1010 2641 ut
1040 2604 1224 2641 caneret:
1254 2599 1375 2653 longa
1398 2599 1513 2652 jacet
1539 2598 1628 2652 ipse
1657 2599 1866 2641 canendus

733 2680 895 2729 Laude,
924 2679 999 2720 sed
1028 2677 1224 2719 amissum
1254 2682 1377 2718 mutae
1406 2678 1552 2719 flevere
1581 2689 1752 2719 sorores.

471 2792 519 2833 Iu
561 2792 640 2833 hac
682 2789 1014 2844 interpunctione
1043 2800 1125 2829 vox
1155 2793 1327 2835 caneret,
1357 2799 1445 2840 quae
1474 2787 1680 2841 praecipua
1707 2788 1748 2828 vi
1778 2787 1911 2829 efferri
1939 2788 2133 2837 debebat,

466 2858 531 2907 iis,
561 2871 651 2911 quae
680 2857 947 2906 antecedunt,
973 2866 1224 2911 puynasque
1250 2853 1439 2908 virosque
1466 2854 1708 2895 obscuratur
1737 2858 1781 2894 et
1807 2852 2005 2894 obruitur.
2034 2854 2133 2895 Mu-

467 2925 599 2966 tanda
626 2924 753 2978 igitur
780 2924 864 2965 ita:

1000 2987 1128 3041 Cupit
1155 2985 1225 3027 ille
1254 2991 1393 3027 tamen
1422 2999 1663 3040 pugnasque
1691 2984 1894 3040 virosque,

729 3067 923 3110 Forsitan
953 3071 1001 3108 ut
1031 3069 1219 3107 caneret:
1250 3064 1373 3117 longa
1395 3063 1510 3116 jacet
1536 3063 1626 3117 ipse
1657 3063 1864 3104 canendus
1893 3068 1992 3105 cett.
