2390 3750
452 380 503 415 58
1100 382 1139 419 C.
1169 383 1212 419 E.
1242 382 1469 421 Sandsttbm.

450 494 562 534 Diva
592 494 699 535 enim
732 509 823 549 quae
853 486 955 538 solio
984 497 1103 538 Jovis
1133 498 1289 547 adstat,
1318 497 1466 539 Virtus
1492 496 1587 550 ipsa
1614 501 1692 537 est.

560 595 600 622 v.
631 579 749 624 702.-

713 650 831 691 Illius
859 651 946 692 haec
974 652 1113 693 forsan
1142 664 1290 700 remur,
1320 663 1409 705 quae
1436 651 1566 693 verba
1593 651 1759 694 deorum

713 728 790 768 Ille
819 733 970 785 monet.

453 811 523 852 Sic
568 813 745 855 editores
788 816 916 856 verba
958 816 1217 869 distinguunt
1251 814 1367 856 nulla
1394 816 1614 857 sententia.
1671 816 1842 859 Mutata
1869 816 2111 870 interpunc-

453 877 565 919 tione
595 880 732 920 omnia
761 881 955 933 expedita
984 886 1121 922 erunt:

712 959 829 998 Illius
858 959 945 998 haec
973 960 1125 1006 forsan,
1157 970 1294 998 remur
1322 970 1412 1010 quae
1440 958 1568 999 verba
1596 958 1784 1000 deorum:

713 1034 789 1074 Ille
820 1040 970 1075 monet.

452 1116 574 1166 ”Quae
617 1135 689 1162 nos
732 1122 859 1163 verba
902 1124 1067 1164 deorum
1111 1127 1319 1176 putamus,
1347 1122 1435 1164 haec
1462 1121 1574 1164 illius
1603 1122 1777 1165 forsitan
1805 1121 1904 1171 sint,
1933 1119 2010 1177 (ab
2037 1121 2110 1163 illo

452 1186 618 1226 Tiresiae
662 1186 843 1243 dictata)
885 1188 954 1229 ille
998 1193 1162 1229 tantum
1205 1185 1381 1230 monet.”
1438 1188 1569 1230 Creon
1597 1201 1734 1243 regem
1762 1188 1806 1230 in
1836 1187 2111 1242 suspicionem

450 1258 583 1301 vocat,
627 1259 839 1307 tamquam
884 1256 937 1295 ad
980 1256 1090 1296 illius
1119 1256 1391 1304 voluntatem,
1420 1269 1501 1296 non
1530 1255 1668 1297 divino
1696 1255 1896 1297 instinctu
1925 1254 2107 1296 Tiresias

449 1318 653 1360 cecinerit.

557 1409 649 1449 Lib.
681 1409 759 1457 XI,
788 1423 828 1449 v.
858 1405 925 1450 57.

707 1487 884 1539 Jamque
914 1492 1062 1539 potens
1092 1487 1289 1528 scelerum
1319 1487 1569 1540 geminaeque
1598 1487 1781 1529 exercita
1809 1486 1943 1539 gentis

708 1563 916 1616 Sanguine
947 1565 1169 1617 Tisiphone
1197 1566 1385 1606 fraterna
1413 1565 1575 1606 cludere
1606 1565 1751 1619 quaerit

707 1640 827 1681 Bella
855 1641 969 1682 tuba.

446 1728 605 1780 Aptum
636 1729 851 1769 sententiae
882 1743 930 1769 ac
959 1730 1081 1781 plane
1112 1730 1350 1771 Statianum
1382 1736 1510 1771 esset:

1224 1806 1420 1863 fraterno
1451 1808 1613 1849 cludere
1643 1807 1789 1861 quaerit

966 1884 1096 1925 Bella:
1113 1898 1227 1940 roqo.

448 1971 556 2011 Nam
586 1984 682 2023 rogo
714 1972 891 2020 demum,
922 1985 1001 2011 non
1031 1977 1176 2021 morte,
1215 1973 1406 2026 quoniam
1436 1973 1478 2012 in
1507 1986 1603 2026 rogo
1635 1985 1794 2027 quoque
1823 1972 1995 2014 dissidia
2024 1973 2111 2013 fra-

447 2042 556 2078 trum
588 2038 800 2086 durarunt,
832 2038 1065 2079 conclusum
1096 2038 1363 2080 domesticum
1393 2039 1545 2080 bellum
1576 2044 1651 2081 est.

559 2151 597 2177 v.
632 2131 723 2177 157.

712 2215 826 2254 Tunc
855 2219 1019 2267 tempus
1050 2219 1152 2264 erat,
1182 2228 1305 2268 quum
1334 2215 1501 2269 sanguis
1530 2215 1734 2256 Achivum

711 2292 889 2344 Integer,
918 2292 977 2332 ire
1007 2293 1114 2332 ultro
1144 2293 1397 2345 primamque
1416 2306 1629 2345 capessere
1648 2306 1842 2346 pugnam,

711 2368 804 2409 Non
834 2369 967 2421 plebis
997 2370 1154 2410 Danaae
1183 2370 1322 2411 florem
1351 2383 1572 2424 regumque
1600 2371 1802 2413 verendas

711 2443 931 2499 Objectare
963 2445 1134 2497 animas,
1164 2450 1211 2489 ut
1239 2446 1503 2490 lamentabile
1532 2446 1663 2489 tantis

709 2522 891 2562 Urbibus
921 2522 1129 2563 induerem
1160 2524 1285 2577 capiti
1314 2525 1458 2574 decus3
1488 2537 1637 2578 aspera
1665 2526 1828 2579 quando

708 2600 914 2652 Praecepit
942 2601 1072 2641 virtus
1085 2615 1097 2650 ;
1128 2616 1234 2642 nunc
1262 2602 1410 2644 saltem
1440 2603 1649 2645 exsolvere
1678 2604 1743 2644 fas
1772 2602 1843 2653 sit,

711 2677 814 2724 Quae
843 2678 985 2719 merui.
1131 2735 1134 2737 -

445 2767 512 2818 In,
531 2767 611 2807 hac
640 2766 851 2821 Polynicis
882 2766 1049 2820 querela
1076 2768 1204 2808 verba
1232 2782 1380 2824 aspera
1397 2793 1452 2799 ——
1468 2769 1602 2810 virtus
1628 2782 1729 2811 vera
1757 2783 1846 2811 esse
1876 2783 1957 2812 non
1985 2784 2106 2825 posse

446 2833 698 2886 argumentis
730 2833 916 2874 evincere
946 2846 1047 2885 opus
1077 2847 1156 2874 non
1186 2839 1261 2875 est.
1317 2836 1512 2877 Fortasse
1540 2836 1604 2877 ita
1631 2835 1911 2878 scribendum:

1233 2912 1421 2969 Hospita
1449 2921 1597 2956 cuncta

970 2990 1172 3042 Praecepit
1198 2990 1342 3033 virtus.

447 3076 537 3117 Hoc
574 3084 655 3119 est:
701 3080 851 3134 ubique
895 3094 960 3121 me
1003 3080 1209 3133 hospitum
1246 3081 1376 3122 virtus
1407 3082 1620 3124 antevenit
1647 3094 1866 3135 omnesque
1896 3080 2106 3135 sanguinis

447 3145 718 3200 profundendi
748 3148 982 3192 occasiones
1012 3147 1236 3204 praeripuit.
1280 3149 1361 3192 Vel
1390 3149 1453 3193 ita
1481 3154 1524 3193 et
1552 3148 1698 3193 melius
1726 3148 1804 3190 hoc
1831 3148 1924 3199 erit,
1941 3148 2105 3202 opinorz
