2324 3765
664 411 795 446 Studia
823 411 962 445 Critica
989 410 1029 444 in
1058 410 1255 453 Papinium
1283 387 1457 443 Statium.
1849 414 1891 441 111

243 523 292 561 In
335 522 412 561 hoc
455 526 593 560 autem
638 533 783 574 genere
826 520 927 572 ipso,
958 532 1036 573 quo
1064 525 1216 559 natura
1245 523 1287 558 et
1310 517 1464 571 judicio
1493 517 1688 557 inclinare
1716 518 1891 565 videtur,

241 600 452 640 quousque
482 588 668 640 progredi
698 586 891 639 potuerit,
921 599 1020 627 sane
1049 586 1214 627 difficile
1243 590 1309 626 est
1336 583 1583 637 dijudicata:
1614 584 1685 623 sed
1704 583 1770 624 hic
1789 597 1890 637 quo-

244 666 336 706 que,
380 653 421 693 ni
466 653 599 702 fallor,
643 654 824 695 inveniet
866 652 989 701 viam,
1029 652 1096 706 qui
1125 652 1329 694 Statianae
1358 648 1553 691 orationis
1581 648 1757 689 indolem
1776 650 1893 702 peni-

241 725 310 758 tus
353 720 524 759 habebit
567 722 803 772 perceptam
834 725 876 759 et
904 725 1103 771 praeterea
1129 720 1232 759 illud
1262 717 1505 764 meminerit,
1535 717 1622 767 ejus
1652 716 1789 755 aetatis
1816 716 1892 756 ho-

242 784 418 825 minibus
446 785 488 825 in
517 785 668 827 honore
697 785 878 826 Statium
909 785 1047 834 fuisse,
1077 785 1191 837 cujus
1220 785 1271 825 de
1295 782 1450 836 judicio
1480 787 1605 834 atque
1634 780 1820 822 doctrina
1842 795 1891 821 ne

239 850 359 891 nimis
389 851 495 891 male
526 851 821 899 existimemus,
852 850 1097 897 Quintiliani
1126 856 1169 891 et
1198 850 1331 890 Taciti
1361 848 1523 889 nomine
1553 847 1825 899 prohibemur.

349 927 412 967 De
451 927 637 968 doctrina
673 928 799 969 Statii
829 933 872 968 et
899 927 1090 981 religione
1119 928 1160 967 in
1190 926 1403 967 scribendo
1433 936 1580 965 novum
1610 923 1733 976 plane
1762 927 1817 970 et,
1847 928 1894 962 ut

240 992 395 1044 opinor,
439 993 603 1034 minime
643 995 895 1047 probandum
918 994 1115 1046 judicium
1146 993 1390 1034 novissimus
1421 991 1507 1043 ejus
1525 990 1669 1030 editor
1697 988 1796 1029 tulit
1824 988 1893 1028 AE.

241 1059 527 1108 Baehrensius,
572 1061 639 1113 qui
681 1061 723 1101 in
766 1061 1004 1114 praefatione
1041 1060 1230 1101 editionis
1259 1071 1343 1099 suae
1372 1057 1578 1098 difficilem
1608 1056 1723 1096 illum
1753 1054 1795 1095 in
1825 1068 1894 1095 ec-

239 1125 332 1178 loga
360 1126 412 1166 ad
443 1126 657 1167 Claudiam
688 1141 852 1168 uxorem
883 1126 1090 1180 attingens
1121 1127 1274 1166 locum:

501 1204 593 1245 Heu
623 1204 692 1245 ubi
722 1210 821 1246 nota
848 1205 949 1245 fides
978 1209 1121 1258 totque
1151 1203 1367 1256 explorata
1395 1215 1468 1255 per
1497 1214 1616 1249 usus,

500 1281 594 1328 Qua
621 1287 780 1323 veteres
809 1282 955 1322 Latias
985 1282 1215 1335 Graiasque
1244 1280 1433 1321 heroidas
1462 1279 1618 1331 aequas!

498 1358 607 1399 Isset
636 1360 689 1400 ad
718 1360 867 1400 Iliacas
897 1383 950 1389 ——
981 1359 1078 1413 quid
1108 1358 1214 1400 enim
1244 1359 1425 1399 deterret
1454 1355 1670 1397 amantes?
1689 1379 1743 1385 —

501 1435 704 1489 Penelope
734 1436 877 1490 gavisa
905 1437 1058 1484 domos,
1087 1436 1121 1476 si
1150 1448 1298 1489 passus
1326 1434 1485 1475 Ulixes.

498 1511 657 1558 Questa
686 1518 750 1553 est
778 1513 953 1566 AEgiale,
984 1517 1132 1566 questa
1159 1517 1224 1553 est
1250 1511 1455 1552 Meliboea
1483 1509 1669 1564 relinqui,

499 1589 556 1627 Et
585 1601 830 1642 quamquam
860 1590 958 1629 saevi
987 1591 1172 1629 fecerunt
1200 1586 1387 1629 maenada
1415 1587 1617 1639 planctus.

499 1666 587 1705 Nec
616 1667 746 1706 minor
773 1667 837 1706 his
866 1672 913 1706 tu
942 1680 1061 1707 nosse
1090 1667 1212 1706 fidem
1242 1667 1480 1716 limamque
1510 1663 1669 1703 maritis

499 1742 698 1784 Reddere.
756 1741 879 1798 (Silv.
909 1743 987 1792 ΠΙ,
1015 1756 1054 1783 v.
1083 1740 1281 1797 44-51).

240 1822 456 1871 postquam
486 1824 597 1860 recte
626 1820 918 1861 animadvertit
946 1819 1137 1874 AEgialen
1166 1832 1239 1873 pro
1269 1818 1491 1873 conjugalis
1508 1817 1656 1858 amoris
1672 1817 1892 1870 specimine

239 1898 495 1938 nequaquam
539 1887 633 1939 poni
670 1901 802 1939 posse,
832 1888 1035 1928 Meliboea
1064 1892 1202 1928 autem
1232 1899 1321 1939 quae
1350 1886 1487 1933 fuerit,
1516 1898 1681 1937 prorsus
1709 1884 1892 1937 ignotum

240 1951 355 1991 nobis
400 1966 501 2001 esse,
539 1953 600 1993 ita
636 1953 921 1994 difficultatem
952 1946 1173 2007 expedivit,
1208 1958 1254 1993 ut
1283 1966 1395 1993 mera
1424 1951 1588 1993 nomina
1614 1951 1683 1992 hic
1710 1950 1894 2004 posuisse

241 2018 553 2072 nominibusque
595 2020 802 2073 imponere
831 2021 1008 2061 voluisse
1037 2025 1201 2073 poetam
1232 2024 1448 2060 statueret.
1504 2018 1632 2059 Miror
1660 2017 1895 2058 doctissimo

240 2084 339 2132 viro,
369 2086 437 2138 qui
468 2087 699 2140 ceteroquin
725 2087 882 2140 egregie
908 2087 1111 2127 Statianae
1138 2099 1306 2138 poeseos
1335 2085 1515 2126 rationes
1545 2084 1781 2137 explicavit,
1809 2084 1894 2124 tale

241 2151 393 2203 aliquid
438 2152 623 2193 excidere
667 2154 863 2205 potuisse.
921 2153 1031 2199 Quid
1075 2153 1208 2193 enim?
1264 2152 1434 2193 Adeone
1472 2164 1622 2199 eorum,
1652 2150 1721 2204 qui
1751 2150 1895 2191 lecturi

240 2221 371 2265 erant,
401 2218 708 2270 despicientem,
739 2220 894 2260 adeone
924 2220 973 2260 de
1004 2219 1307 2259 existimatione
1337 2230 1413 2258 sua
1428 2229 1611 2258 securum
1629 2216 1812 2257 Statium
1828 2217 1895 2257 fu—

238 2283 319 2324 isse
349 2296 573 2333 censemu8‚
603 2286 671 2338 qui
700 2290 852 2333 tamen,
883 2291 930 2326 ut
958 2285 1232 2326 Baehrensius
1261 2285 1348 2336 ipse
1375 2283 1572 2331 concedit,
1598 2288 1641 2323 et
1655 2282 1894 2323 cultioribus

239 2347 470 2391 hominibus
499 2350 707 2392 scribebat
736 2355 779 2393 et
807 2350 1151 2392 obtrectatoribus
1181 2363 1260 2391 non
1290 2349 1469 2391 caruisse
1499 2348 1661 2390 videtur
1689 2347 1754 2390 vel
1771 2347 1893 2389 mini-

240 2428 348 2456 mam
393 2418 584 2468 carpendi
628 2418 880 2458 occasionem
924 2418 1148 2470 arrepturis
1192 2416 1456 2457 avidissime?
1525 2417 1627 2455 Tam
1673 2415 1893 2455 reconditae

238 2481 431 2523 doctrinae
474 2488 564 2524 erat
605 2483 778 2537 AEgialae
822 2484 1004 2525 fabulam
1049 2483 1195 2524 nosse?
1251 2483 1353 2523 Tam
1397 2481 1562 2523 difficile
1592 2494 1642 2522 ex
1670 2481 1774 2534 ipso,
1804 2493 1893 2534 quae

241 2548 424 2588 tandem*
450 2549 523 2588 illa
564 2550 769 2589 Meliboea
805 2555 927 2597 esset,
958 2549 1193 2602 exquirere?
1249 2550 1351 2588 Tam
1381 2548 1446 2587 vel
1475 2548 1662 2587 indoctus
1691 2547 1756 2586 vel
1786 2547 1892 2587 obli-

239 2613 375 2654 viosus
423 2614 514 2663 fuit,
559 2620 605 2655 ut
647 2615 737 2655 fidae
782 2616 932 2664 uxoris,
977 2628 1064 2668 quae
1094 2615 1247 2656 Troicis
1277 2613 1528 2666 temporibus
1557 2612 1716 2661 fuisset,
1746 2626 1891 2653 nomen

242 2680 439 2733 quaerenti
468 2693 547 2721 non
578 2680 719 2720 statim
741 2681 975 2722 Laodamiae
992 2680 1247 2722 occurreret?
1277 2679 1365 2720 Aut
1379 2684 1465 2719 tam
1483 2678 1574 2719 duri
1589 2678 1740 2731 ingenii
1755 2683 1894 2731 poeta,

239 2752 297 2795 ut,
327 2746 361 2787 si
389 2747 625 2796 invenisset,
655 2760 773 2788 versu
804 2748 990 2800 nequiret
1017 2747 1250 2788 includere?
1291 2746 1404 2786 Nihil
1434 2758 1604 2798 usquam
1634 2745 1767 2793 video,
1784 2746 1892 2798 quod

240 2825 319 2853 non
361 2813 485 2853 istam
529 2813 755 2866 opinionem
800 2817 1020 2866 oppugnet,
1062 2813 1141 2861 vel,
1179 2812 1213 2852 si
1243 2817 1380 2852 cetera
1406 2811 1527 2863 hujus
1558 2810 1633 2851 loci
1662 2816 1773 2851 recte
1802 2825 1893 2852 sese

238 2879 451 2929 haberent,
461 2880 883 2932 explodendam‚nunc
899 2884 1085 2932 quum‚ut
1093 2878 1361 2920 Marklandus
1381 2877 1896 2930 probavit,corruptissima

240 2950 351 2994 sunt,
395 2946 523 2986 multo
568 2946 710 2999 magis.
766 2946 873 2986 Nam
917 2945 1024 2997 quod
1067 2957 1196 2997 nuper
1224 2943 1511 2997 excogitarunt
1539 2957 1792 2999 quamquam
1820 2957 1895 2997 pro

241 3026 524 3067 quamcunque
565 3013 632 3052 hic
675 3025 763 3052 esse
808 3011 1100 3062 accipiendum,
1143 3010 1319 3062 primum
1364 3023 1481 3050 nemo
1512 3023 1708 3063 umquam
1738 3011 1894 3051 latinus

239 3077 426 3131 scriptor,
470 3079 548 3120 nisi
578 3080 682 3120 forte
711 3077 875 3120 Naevius
912 3082 986 3119 aut
1013 3077 1286 3126 Andronicus,
1315 3076 1377 3118 ita
1407 3077 1567 3118 locutus
1596 3082 1675 3126 est,
1705 3077 1893 3119 nimirum

239 3157 291 3186 ne
333 3145 527 3200 ambigua
569 3146 685 3187 fieret
728 3144 857 3186 oratio
865 3157 877 3195 ;
920 3148 1022 3193 tum,
1066 3143 1229 3184 etiamsi
1256 3143 1320 3184 ita
1348 3143 1479 3198 accipi
1509 3156 1629 3198 posse
1659 3143 1893 3199 largiamur,

239 3224 328 3269 quae
373 3214 541 3255 tandem
585 3219 683 3255 sunt
711 3226 849 3254 omnes
883 3212 976 3260 illae,
1007 3224 1095 3269 quae
1124 3211 1244 3253 saevis
1273 3211 1508 3270 planctibus
1538 3213 1743 3258 maenades
1772 3212 1892 3256 factae
