2470 3760
743 370 873 407 Studia
899 370 1036 408 critica
1063 371 1103 407 in
1131 370 1323 418 Pupiniam
1351 371 1524 410 Statium.
1915 371 1963 407 13

327 480 398 521 Sic
425 481 595 522 codices.
640 481 735 522 Una
763 480 948 522 litterula
975 486 1136 523 mutata
1162 496 1299 526 veram
1327 484 1457 527 Statii
1485 496 1650 525 manum
1678 483 1936 536 recipiemus:

1104 557 1204 606 Quoe
1232 562 1363 603 forma
1389 560 1524 602 beatis

584 633 691 672 Ante
719 644 863 673 manus
892 638 1100 688 artemque
1129 636 1243 677 locis!

324 708 471 756 Beata,
513 720 684 748 amoena
725 708 810 748 haec
852 710 941 750 loca
976 712 1063 763 jam
1100 718 1195 754 ante
1224 727 1368 755 manus
1397 719 1608 766 artemque
1636 714 1662 753 i.
1694 726 1729 754 e.
1752 714 1841 764 jam
1869 719 1965 754 ante

329 771 556 814 adhibitam
584 773 804 815 humanam
833 787 996 828 operam
1025 782 1233 833 artemque
1262 784 1392 821 erant.
1435 780 1644 832 Frequens
1673 777 1806 832 poetis
1824 777 1968 831 hujus-

325 839 432 880 modi
460 839 655 881 brevitas.
698 840 769 882 Sic
795 841 893 882 Luc.
924 843 1000 892 VI,
1030 844 1121 885 144:

1098 921 1332 964 Castrorum
1360 923 1401 964 in
1431 923 1549 976 plebe
1579 922 1765 963 merebat

583 992 695 1034 Ante
725 994 833 1035 feras
860 995 1048 1037 Rhodani
1076 1002 1229 1050 gentes.

321 1070 348 1111 i.
378 1084 413 1112 e.
444 1075 664 1124 antequam
708 1084 798 1112 cum
840 1071 921 1113 illis
963 1074 1150 1126 gentibus
1193 1077 1401 1130 pugnavit.
1458 1078 1572 1124 Idem
1602 1077 1653 1117 de
1682 1075 1873 1116 basilisco
1904 1075 1966 1116 lo-

324 1149 464 1191 quens,
492 1136 571 1186 IX,
599 1133 694 1178 ⁷24.

581 1214 793 1268 Sibilaque
823 1215 1032 1257 effundens
1060 1223 1227 1259 cunctas
1254 1220 1450 1261 terrentia
1477 1225 1629 1273 pestes,

579 1290 692 1332 Ante
720 1305 878 1333 venena
905 1306 1052 1335 nocens
1080 1299 1178 1336 cett.

319 1367 347 1409 i.
376 1381 412 1409 e.
441 1372 662 1422 antequam
690 1381 849 1409 venena
876 1369 1041 1410 emittit.

430 1458 470 1486 v.
501 1442 566 1486 1'7.

1114 1511 1291 1554 Nemora
1318 1512 1407 1554 alta
1433 1512 1571 1554 citatis

578 1588 803 1630 Incubuere
831 1588 968 1630 vadis:
998 1588 1127 1629 fallax
1154 1594 1369 1642 responsat
1394 1590 1527 1643 imago

579 1666 808 1708 Frondibus
837 1672 881 1708 et
908 1667 1049 1720 longas
1078 1667 1218 1708 eadem
1248 1666 1353 1721 fugit
1380 1668 1489 1708 unda
1516 1681 1587 1720 per
1615 1669 1792 1709 umbras.

320 1743 404 1786 Cur
431 1744 601 1785 eandem
629 1745 780 1786 undam
810 1749 934 1797 poeta
960 1744 1086 1794 dicat,
1115 1749 1162 1786 ut
1189 1758 1295 1786 nunc
1322 1745 1433 1787 locus
1460 1745 1661 1794 scribitur,
1689 1745 1804 1787 nulla
1833 1758 1959 1787 causa

320 1814 539 1864 comparet.
597 1810 888 1865 Corrigendum
918 1814 1002 1852 est:

1098 1877 1227 1918 fallax
1254 1883 1466 1930 responsat
1492 1877 1624 1931 imago

578 1955 808 1996 Frondibus
837 1960 880 1996 et
904 1956 1090 2010 yeminas
1118 1955 1257 1995 eadem
1287 1954 1391 2008 fugit
1419 1954 1529 1995 unda
1555 1967 1627 2007 per
1655 1954 1834 1995 umbras.

318 2031 400 2072 Per
427 2030 609 2084 geminas
646 2032 812 2072 umbras
840 2032 867 2072 i.
898 2045 932 2073 e.
962 2045 1035 2085 per
1063 2032 1164 2072 duas
1200 2030 1324 2071 silvas
1352 2030 1483 2071 amnis
1512 2030 1658 2071 dicitur
1687 2030 1784 2079 labi,
1814 2035 1858 2071 et
1885 2044 1958 2071 ve-

316 2109 404 2137 ram
439 2097 568 2146 illam,
610 2111 699 2151 quae
741 2096 853 2150 ripas
882 2098 969 2151 ejus
997 2098 1225 2146 obumbrat,
1255 2102 1297 2138 et
1324 2097 1444 2149 hujus
1472 2096 1702 2150 imaginem,
1732 2109 1821 2150 quae
1850 2110 1961 2151 aqua

313 2162 597 2217 repercutitur.

424 2253 464 2282 v·
492 2240 560 2282 2⁰-
576 2308 671 2361 Ipse
700 2307 849 2356 Anien,
878 2306 1065 2349 miranda
1092 2306 1210 2348 fides!
1237 2305 1423 2360 infraque
1450 2318 1652 2360 superque

577 2385 752 2434 Saxeus,
779 2385 847 2427 hic
874 2384 1073 2426 tumidam
1102 2383 1254 2425 rabiem
1283 2396 1553 2438 spumosaque
1582 2382 1699 2437 ponit

576 2462 801 2503 Murmura.

314 2539 570 2581 scribendum
598 2539 781 2580 videtur:

576 2616 793 2673 Spumeus,
820 2617 887 2658 hic
915 2617 1113 2659 tumidam
1141 2615 1293 2657 rabiem
1321 2628 1548 2671 swosaque
1576 2614 1693 2668 ponit

573 2694 797 2735 Murmura.

318 2771 389 2813 Sic
425 2770 589 2826 Statius
626 2771 755 2812 Theb.
797 2771 875 2820 IV,
917 2771 1011 2813 801:
1040 2770 1316 2824 saxosumque
1346 2767 1514 2823 impulit
1542 2782 1663 2810 aures
1693 2768 1891 2809 Murmur
1918 2775 1962 2810 et

315 2836 523 2892 Vergilius
565 2837 653 2891 ipse
695 2851 966 2894 saxosumque
1006 2850 1155 2879 sonans
1181 2834 1377 2891 Hypanis
1405 2833 1553 2887 Georg.
1583 2835 1660 2884 IV,
1688 2830 1785 2883 370,
1814 2847 1961 2889 quam-

315 2917 438 2961 quam
466 2903 624 2945 incerta
650 2903 717 2946 hic
746 2904 866 2946 lectio
896 2910 971 2946 est.

424 2994 465 3023 v.
494 2977 561 3023 27.

578 3047 788 3090 Sestiacos
817 3061 924 3089 nunc
952 3049 1063 3089 fama
1089 3045 1201 3087 sinus
1230 3044 1479 3098 pelagusque
1508 3049 1698 3086 natatum

574 3124 719 3175 Jactet
746 3130 789 3176 et
816 3123 962 3170 audaci
984 3123 1148 3184 junctos
1175 3120 1391 3184 delphinas
1419 3121 1589 3185 ephebo.
