2397 3779
456 409 506 445 36
1093 412 1133 449 C.
1165 413 1206 449 E.
1236 414 1463 452 sanasti-om.

454 522 658 573 Phaeton,
702 524 853 574 Niobe,
894 525 1098 582 Marsyas,
1135 528 1328 569 Arachne
1357 521 1668 568 occubuerunt!
1724 526 1784 568 Ut
1812 524 1975 579 largiar,
2004 525 2111 579 quod

454 602 604 642 negare
648 604 739 632 meo
776 592 870 644 jure
913 605 1093 645 possum,
1137 594 1307 635 extundi
1351 594 1436 634 tale
1480 591 1636 646 aliquid
1666 604 1716 632 ex
1745 592 1822 633 hoc
1851 592 1937 633 loco
1966 603 2113 645 posse:

456 656 554 709 quid
585 658 703 698 tum?
759 658 869 704 Quid
899 660 1167 713 assequimur,
1197 660 1275 701 nisi
1312 666 1358 701 ut
1386 661 1518 701 ridere
1541 660 1629 712 jam
1660 654 1877 711 possimus,
1906 659 2012 711 quod
2036 671 2112 699 an-

456 728 527 763 tea
570 722 710 765 mirari
753 727 1039 767 tantummodo
1082 726 1344 779 poteramus?
1415 725 1523 773 Quid
1569 723 1675 765 enim
1719 723 1849 777 magis
1897 723 2110 765 ridiculum

457 801 580 842 quam
623 790 854 842 hujusmodi
899 792 1103 832 laudatio:
1148 789 1345 832 ”Deorum
1390 790 1554 832 invidiae
1597 794 1718 842 pater
1747 803 1861 831 meus
1891 802 2111 843 numquam

455 855 657 896 obnoxius
687 856 779 897 fuit.
836 857 942 896 Nam
974 871 1104 910 neque
1134 856 1256 905 idem,
1287 858 1393 910 quod
1425 855 1655 903 Phaethon,
1685 855 1844 896 facinus
1875 869 1999 896 ausus
2029 856 2112 896 ful-

457 921 565 962 mine
608 921 725 962 Jovis
773 922 1007 962 combustus
1038 928 1100 963 est
1130 936 1260 976 neque
1290 923 1341 962 ob
1375 920 1622 963 invidiosam
1654 920 1974 962 foecunditatem
2005 920 2109 961 Nio-

456 989 566 1028 baeas
610 1001 762 1041 poenas
806 988 932 1028 dedit.
990 988 1139 1029 Evasit
1182 990 1360 1043 Marsyae
1390 1001 1551 1029 casum:
1582 999 1802 1040 numquam
1833 986 1938 1028 cutis
1969 986 2006 1028 ei
2036 987 2109 1028 de—

456 1060 592 1095 tracta
622 1060 704 1095 est:
734 1054 927 1095 Arachne
957 1054 1131 1096 textrice
1162 1055 1318 1096 felicior
1348 1054 1447 1096 fuit:
1479 1055 1530 1095 ad
1563 1058 1789 1095 extremum
1820 1052 1860 1095 in
1891 1066 1968 1095 sua
1983 1055 2114 1095 forma

452 1118 713 1173 permansit.”
779 1120 862 1161 Sed
909 1122 1036 1161 taedet
1078 1122 1117 1162 in
1162 1135 1205 1162 re
1253 1127 1400 1175 aperta
1442 1126 1484 1161 et
1513 1119 1730 1173 perspicua
1758 1120 1912 1161 diutius
1943 1119 2106 1160 morari.

452 1187 497 1228 Si
527 1187 613 1227 haec
649 1200 727 1226 non
772 1187 1022 1239 interpolata
1058 1194 1168 1236 sunt,
1221 1202 1300 1241 quo
1329 1201 1428 1228 vera
1460 1193 1503 1228 et
1532 1186 1676 1240 spuria
1704 1185 1982 1234 dinoscantur,
2011 1186 2106 1226 nul-

450 1253 533 1293 lum
563 1253 757 1293 indicium
788 1257 865 1293 est.

558 1354 596 1380 v.
631 1341 722 1381 119.

709 1419 755 1459 Si
785 1425 832 1459 tu
862 1420 991 1472 stirpe
1020 1425 1141 1460 vetus
1171 1420 1375 1473 famaeque
1404 1420 1580 1460 obscura
1602 1419 1763 1471 jaceres

707 1495 777 1537 Nil
807 1496 959 1550 gentile
987 1502 1146 1546 tenens,
1175 1497 1246 1538 illo
1275 1502 1317 1538 te
1348 1496 1434 1538 cive
1463 1495 1669 1550 probabas

708 1573 878 1616 Graiam
911 1580 953 1615 et
982 1575 1162 1616 Euboico
1192 1575 1390 1628 majorum
1420 1573 1618 1628 sanguine
1648 1573 1752 1615 duci.

381 1703 397 1719 ,
445 1663 553 1704 Illud
582 1669 695 1704 vet-us
725 1670 958 1718 corruptum
990 1678 1079 1705 esse
1109 1670 1295 1717 apparet.
1353 1664 1548 1706 Rescribo

708 1741 755 1781 Si
784 1748 831 1782 tu
860 1743 990 1795 stirpe
1021 1741 1122 1782 levis
1151 1743 1352 1795 famaeque
1381 1742 1558 1782 obscura
1580 1741 1742 1793 jaceres
1772 1745 1870 1780 cett.

441 1818 467 1858 i.
500 1831 535 1859 e.
565 1818 599 1858 si
631 1818 715 1867 vili,
745 1819 779 1859 si
811 1820 1107 1860 contemnendo
1137 1832 1283 1872 genere
1312 1825 1518 1872 putarere.
1562 1817 1734 1873 (Baehr.
1763 1816 1894 1870 stirpe
1923 1816 2103 1872 carens.)

557 1932 596 1958 v.
628 1918 720 1959 116.

706 1996 799 2037 Non
829 1996 906 2037 tibi
936 1997 1140 2039 deformes
1170 1997 1333 2039 obscuri
1360 1996 1572 2051 sanguinis
1600 1999 1716 2036 ortus

706 2074 793 2114 Nec
823 2074 910 2115 sine
940 2075 1028 2115 luce
1058 2088 1199 2127 genus,
1228 2088 1476 2128 quamquam
1506 2075 1673 2115 fortuna
1701 2077 1919 2125 parentum

706 2151 850 2191 Artior
879 2152 1061 2192 extensis
1090 2175 1145 2182 —
1174 2153 1324 2193 etenim
1355 2157 1397 2192 te
1426 2151 1554 2192 divite
1582 2150 1665 2191 ritu

705 2228 864 2268 Ponere
892 2241 1117 2281 purpureos
1146 2229 1325 2269 infantia
1352 2229 1452 2282 legit
1480 2227 1647 2268 amictu.

442 2315 543 2356 Haec
572 2315 754 2356 codicum
784 2315 1001 2368 scriptura.
1057 2316 1333 2358 Baehrensius
1361 2316 1496 2358 dedit:

705 2393 798 2433 Non
828 2392 904 2433 tibi
934 2393 1136 2435 deformes
1165 2394 1325 2435 obscuri
1354 2394 1564 2448 sanguinis
1593 2401 1708 2438 ortus

704 2469 793 2509 Nec
821 2469 909 2510 sine
939 2470 1026 2510 luce
1056 2483 1195 2523 genus,
1226 2484 1472 2525 quamquam
1502 2473 1669 2514 fortuna
1696 2481 1914 2528 parentum

704 2545 849 2586 Artior
876 2547 1087 2602 caspensis,-
1115 2547 1266 2589 etenim
1295 2554 1337 2590 te
1366 2547 1495 2591 divite
1523 2550 1606 2592 ritu

703 2621 872 2664 Sumere
900 2636 1123 2676 purpureos
1151 2625 1329 2666 infantia
1356 2626 1463 2667 vidit
1491 2628 1678 2670 amictus.

437 2707 521 2749 Sed
567 2714 610 2749 et
653 2709 943 2751 otiosissimum
988 2717 1051 2752 est
1092 2712 1193 2754 illud
1235 2716 1423 2770 expensis
1472 2740 1526 2747 —-
1563 2717 1659 2771 quid
1704 2719 1811 2761 enim
1843 2720 1938 2773 plus
1967 2721 2101 2762 artior

436 2775 628 2830 expensis
670 2775 876 2828 significat
918 2789 1038 2830 quam
1082 2778 1256 2832 simplex
1299 2779 1459 2823 artior?
1505 2806 1560 2814 —
1588 2789 1632 2824 et
1660 2784 1811 2827 locutio
1842 2785 2033 2842 infantia
2061 2793 2099 2828 te

436 2854 596 2881 sumere
638 2841 747 2881 vidit
791 2854 862 2894 pro
906 2855 953 2884 eo
983 2846 1088 2897 quod
1118 2850 1183 2886 est
1211 2846 1356 2904 infans
1384 2850 1599 2906 sumpsisti
1628 2863 1724 2892 num
1755 2852 1924 2894 defendi
1953 2853 2098 2906 possit,

430 2907 537 2959 jure,
582 2907 739 2960 opinor,
776 2909 927 2962 ambigi
957 2916 1105 2962 potest.
1161 2912 1349 2965 Accedit,
1379 2918 1487 2970 quod
1515 2922 1611 2970 post
1639 2919 1900 2971 paupertatis
1934 2919 2100 2961 familiae

435 2973 684 3014 mentionem
729 2974 832 3014 satis
873 2975 972 3016 mire
1001 2977 1127 3019 divite
1154 2980 1240 3020 ritu
1270 2994 1495 3035 purpureos
1530 2983 1705 3024 amictus
1735 2986 1961 3038 sumpsisse
1992 2984 2098 3026 dici-

431 3045 513 3088 tur,
544 3052 669 3093 quum
700 3040 837 3093 potius
867 3041 992 3082 nobili
1021 3044 1102 3085 ritu
1132 3046 1210 3087 dici
1241 3048 1421 3090 deberet.
1480 3049 1667 3103 Denique
1697 3051 1748 3090 de
1777 3052 1988 3093 sententia
2002 3051 2098 3104 ipsa

430 3106 667 3159 longissime
711 3119 738 3146 a
779 3107 1026 3150 Baehrensio
1058 3111 1233 3161 discedo,
1264 3115 1413 3168 quippe
1443 3116 1511 3169 qui
1542 3116 1790 3157 contrarium
1821 3118 1871 3166 ei,
1902 3118 2010 3171 quod
2042 3130 2095 3159 ex

430 3173 519 3226 ejus
556 3172 732 3214 lectione
770 3172 959 3224 efficitur,
989 3188 1015 3216 a
1042 3183 1166 3229 poeta
1193 3179 1346 3222 dictum
1377 3187 1532 3235 putem.
1589 3182 1733 3236 Neque
1764 3183 1871 3225 enim
1901 3184 1970 3225 ille
2000 3183 2093 3227 avi-
