2381 3758
479 403 526 439 16
1130 403 1169 441 C.
1201 404 1242 441 E.
1273 402 1497 441 Sandstrom.

477 516 703 557 Proemissa
738 517 765 557 i.
796 531 831 558 e.
868 517 1058 571 quicquid
1095 518 1229 569 gentis
1265 530 1348 559 suae
1377 518 1510 571 ipsum
1540 516 1760 571 praecessit.
1815 516 2023 557 Praeterea
2049 516 2127 555 du-

476 583 577 631 bito,
621 596 675 623 an
719 584 967 625 commodius
1007 597 1136 638 qenus
1164 584 1230 624 sm·
1257 583 1461 625 scribatur
1488 597 1560 637 pro
1586 597 1714 638 yenus
1741 582 1843 631 suis,
1871 587 1919 623 ut
1945 579 2127 623 homines

476 649 570 690 novi
599 663 649 691 eat
677 663 718 691 se
746 650 837 690 nati
864 649 1067 693 dicuntur.

587 739 627 767 v.
656 726 834 768 86—88.

1261 792 1430 835 Gaudet
1458 791 1722 832 Trasimenus
1751 794 1795 831 et
1820 789 1952 843 Alpes

743 870 1056 923 Cannensesque
1085 869 1229 909 animae
1258 869 1494 922 primusque
1521 867 1679 920 insigne
1707 866 1906 907 tributum

738 946 832 997 Ipse
861 946 998 997 palam
1030 946 1165 985 lacera
1192 946 1389 997 poscebat
1416 944 1599 996 Regulus
1628 943 1786 982 umbra.

476 1052 582 1091 Illud
618 1051 825 1105 poscebat,
870 1051 975 1103 quod
1012 1051 1283 1090 Marklandus
1325 1050 1366 1090 in
1402 1049 1647 1105 plaudebat,
1674 1046 1949 1088 Baehrensius
1977 1046 2020 1087 in
2049 1060 2124 1087 no-

477 1116 610 1157 scebat
639 1116 826 1164 mutavit,
858 1121 1088 1168 corruptum
1120 1128 1208 1156 esse
1238 1128 1376 1156 omnes
1407 1116 1602 1156 fatentur.
1659 1113 1835 1155 Accedit
1862 1124 1942 1154 vox
1963 1110 2125 1167 palam,

476 1194 576 1235 quae,
625 1183 710 1222 sive
746 1182 980 1222 Marklandi
1027 1182 1301 1233 conjecturam
1345 1182 1533 1233 recipias,
1561 1179 1738 1221 inaniter
1765 1179 1951 1219 abundat
1977 1201 2032 1208 ——
2060 1177 2126 1218 ni-

469 1247 526 1288 hil
557 1248 662 1288 enim
692 1253 793 1296 erat,
824 1260 894 1288 cur
922 1247 1108 1288 laetitiam
1138 1261 1254 1288 suam
1284 1248 1465 1301 Regulus
1494 1247 1719 1288 occultaret
1742 1244 1896 1285 —sive
1912 1243 2122 1285 Baehren-

470 1313 518 1353 sii
558 1313 801 1365 scripturam
840 1313 1039 1366 probaris,
1083 1326 1249 1366 prorsus
1298 1313 1475 1354 alienum
1506 1317 1581 1353 est.
1636 1312 1780 1365 Neque
1809 1310 1915 1351 enim
1944 1310 2022 1350 hoc
2048 1323 2125 1364 po-

473 1379 555 1419 tuit
598 1379 759 1419 Statius
796 1379 942 1428 dicere,
973 1379 1050 1419 nisi
1080 1381 1185 1419 forte
1214 1380 1431 1427 delirabat,
1453 1378 1614 1434 palam,
1642 1378 1719 1418 hoc
1747 1382 1824 1425 est,
1854 1377 1906 1417 ab
1936 1375 2123 1417 omnibus

470 1449 748 1496 conspectum,
781 1445 981 1485 tributum
1028 1445 1129 1485 illud
1165 1445 1365 1497 Regulum
1395 1444 1634 1497 inspexisse.
1689 1444 1786 1485 Jam
1814 1455 1934 1484 voces
1963 1442 2052 1498 ipse
2080 1448 2123 1484 et

468 1510 637 1566 primus
693 1524 915 1564 numquam
972 1510 1034 1551 ita
1091 1510 1379 1564 explicaveris,
1430 1515 1477 1551 ut
1533 1522 1611 1551 non
1655 1513 1838 1563 pugnent
1882 1507 1990 1549 inter
2031 1520 2121 1550 sese

472 1582 514 1617 et
557 1577 690 1617 altera
733 1577 906 1617 alteram
952 1577 1086 1617 tollat.
1143 1577 1271 1618 Recte
1306 1577 1474 1632 primus
1517 1576 1645 1616 laetari
1688 1575 1870 1628 Regulus
1906 1575 2121 1624 diceretur,

470 1657 594 1697 quum
626 1649 943 1684 consentaneum
975 1650 1097 1692 esset,
1114 1643 1182 1696 qui
1212 1643 1452 1696 gravissima
1481 1643 1532 1683 ab
1561 1642 1678 1684 hoste
1707 1655 1855 1695 passus
1885 1646 2008 1691 esset,
2028 1654 2119 1683 eum

471 1708 596 1751 etiam
641 1709 818 1751 maxime
863 1709 1044 1763 ejusdem
1088 1708 1219 1750 hostis
1257 1709 1371 1750 clade
1410 1709 1598 1763 gaudere.
1654 1708 1792 1750 Minus
1820 1708 1939 1757 bene,
1967 1707 2121 1749 tolera-

471 1776 609 1815 biliter
653 1781 806 1823 tamen,
850 1776 989 1830 ipsum
1030 1776 1231 1827 Regulum
1277 1776 1460 1823 dixisset,
1498 1781 1545 1815 ut
1586 1776 1786 1828 fingerent
1821 1775 2017 1827 legentes,
2045 1774 2123 1815 tri-

475 1846 580 1882 stem
611 1841 789 1895 alioquin
820 1842 1005 1882 umbram
1036 1846 1078 1882 et
1106 1841 1248 1882 inflicti
1278 1840 1480 1882 cruciatus
1508 1841 1703 1882 memoria
1717 1845 1966 1889 maerentem,
1981 1844 2120 1883 tamen

473 1907 613 1948 audito
656 1907 726 1947 illo
770 1907 977 1959 triumpho
1022 1907 1173 1947 laetitiae
1217 1907 1391 1960 aliquem
1422 1908 1598 1948 fructum
1628 1907 1870 1960 percepisse.
1930 1905 2123 1947 Primum

474 1978 612 2013 autem
655 1973 857 2025 Regulum
901 1973 1039 2027 ipsum
1083 1986 1170 2013 esse
1215 1973 1396 2012 laetatum
1434 1985 1691 2026 nequaquam
1720 1978 1831 2014 recte
1860 1971 1940 2012 dici
1968 1977 2119 2025 potest,

472 2051 595 2091 quum
626 2038 739 2078 nulla
768 2052 893 2079 causa
922 2039 1129 2086 reddatur,
1153 2051 1235 2087 cur,
1252 2051 1369 2092 quem
1399 2038 1562 2079 minime
1592 2040 1769 2092 gaudere
1798 2039 2118 2090 exspectandum

473 2109 576 2152 erat,
619 2117 663 2145 re
706 2118 805 2145 vera
847 2104 1023 2145 maxime
1073 2104 1236 2158 gavisus
1265 2104 1332 2146 sit.
1388 2105 1479 2146 Non
1515 2105 1639 2159 igitur
1667 2106 1786 2148 unius
1816 2109 1979 2147 tantum
2008 2106 2119 2149 vocis

472 2172 677 2219 mendum,
707 2172 778 2212 sed
808 2172 933 2211 latius
963 2171 1149 2211 diffusam
1180 2172 1449 2224 corruptelam
1479 2177 1678 2214 tenemus.
1736 2173 1903 2216 Certum
1932 2170 2064 2216 habeo
2093 2187 2120 2215 a

471 2236 610 2279 Statio
639 2237 680 2278 in
710 2237 819 2278 hunc
848 2238 1010 2279 modum
1041 2237 1256 2291 scriptum:

1247 2314 1414 2357 Gaudet
1441 2315 1703 2358 Trasimenus
1733 2321 1776 2358 et
1802 2315 1935 2371 Alpes

731 2391 1047 2445 Cannensesque
1075 2392 1219 2433 animae
1247 2392 1475 2447 Poenisque
1502 2393 1659 2447 insigne
1688 2393 1887 2435 tributum

728 2469 992 2525 Increpitans
1020 2468 1196 2511 laceram
1216 2469 1421 2525 pensabat
1447 2470 1629 2524 Regulus
1657 2470 1860 2513 umbram.

464 2547 692 2590 Domitiani
722 2545 975 2600 triumphum
1010 2546 1158 2587 Poenis
1190 2547 1471 2601 exprobrando
1501 2548 1706 2590 cruciatus
1733 2561 1830 2590 suos
1856 2547 2121 2602 Regulusso-

465 2615 644 2656 labatur.

575 2711 622 2754 C.
652 2710 708 2760 V,
737 2723 776 2751 v.
809 2710 873 2751 10.

726 2788 863 2840 Junge
893 2800 993 2839 puer
1021 2788 1189 2842 cyathos
1219 2795 1341 2844 atque
1371 2803 1607 2831 enumerare
1636 2790 1790 2832 labora.

466 2865 565 2906 Haec
595 2863 778 2906 codicum
809 2863 1013 2917 scriptura
1041 2869 1116 2914 est,
1146 2865 1231 2907 sine
1262 2866 1382 2908 dubio
1413 2867 1454 2908 in
1485 2868 1597 2909 hunc
1626 2868 1790 2909 modum
1820 2868 2077 2922 corrigenda:

726 2941 862 2993 Junge
892 2954 993 2992 puer
1022 2942 1203 2995 cyathos,
1232 2951 1319 2985 octo
1348 2952 1385 2985 et
1414 2958 1626 2986 numerare
1656 2946 1809 2986 labora.

461 3018 568 3060 Octo
611 3016 783 3071 cyathos
826 3016 904 3058 sibi
948 3016 1102 3059 infundi
1140 3019 1271 3071 jubet,
1302 3026 1349 3063 ut
1377 3026 1442 3069 tot
1470 3022 1586 3071 fiant,
1616 3025 1717 3075 quot
1744 3021 1864 3064 amici
1894 3021 2115 3076 nominum,

461 3084 527 3126 vel
559 3083 757 3129 Claudius
786 3083 851 3128 vel
881 3083 1094 3134 EtruscuS,
1123 3085 1283 3129 litterae.
1341 3087 1405 3137 Cf.
1433 3089 1560 3138 Mart.
1588 3087 1669 3143 xl,
1696 3086 1764 3133 36.
1792 3088 1873 3143 IX,
1900 3087 1968 3135 94.
