2405 3785
511 436 563 470 42
1147 432 1186 471 G.
1216 434 1257 471 E.
1289 432 1517 471 Sandstrom.

773 549 977 605 Spargere
1008 556 1050 592 et
1078 549 1281 592 immerito
1312 549 1510 591 sociorum
1541 549 1738 604 sanguine
1767 549 1859 591 fuso

771 628 1011 669 Instaurare
1043 628 1150 669 diem
1181 629 1393 681 festasque
1421 640 1617 680 reponere
1645 640 1823 668 mensas.

510 714 816 767 Comparantur
856 716 983 769 igitur
1025 716 1144 756 mitia
1185 720 1284 773 tunc
1327 720 1370 756 et
1410 715 1587 756 innocua
1615 716 1903 756 Thebanorum
1931 715 2046 768 orgia
2074 725 2165 755 cum

508 780 574 830 iis,
619 793 709 835 quae
752 782 944 822 Bistones
988 781 1193 823 celebrare
1236 780 1383 829 solent,
1426 781 1558 830 saevis,
1601 780 1756 821 rabidis
1786 786 1829 822 et
1855 781 1896 821 in
1926 777 2166 835 sanguinem

511 847 721 900 caedesque
758 847 1117 901 prorumpentibus
1155 852 1198 888 et
1225 846 1288 887 ita
1316 852 1619 899 comparantur,
1648 851 1697 887 ut
1724 846 1876 887 similia
1904 859 1994 887 esse
2022 842 2168 887 dican-

509 918 591 954 tur.
650 912 760 960 Quid
790 912 975 967 agimus?
1030 912 1120 953 Aut
1147 912 1316 952 insanus
1346 911 1510 953 Statius
1540 917 1582 953 et
1610 912 1769 953 inutilis
1798 925 1847 953 ac
1874 911 2049 953 ridicula
2076 924 2166 953 om-

509 980 573 1020 nis
618 992 755 1020 eorum
798 992 934 1031 opera,
965 979 1033 1032 qui
1063 979 1189 1019 verba
1217 978 1304 1029 ejus
1334 978 1387 1017 ad
1416 991 1580 1019 sensum
1611 991 1864 1019 communem
1893 978 2165 1030 perpendunt,

510 1050 584 1086 aut
629 1058 772 1086 versus
814 1044 979 1085 81-88
1022 1057 1101 1085 non
1131 1044 1184 1084 ab
1214 1056 1274 1092 eo,
1304 1044 1376 1084 sed
1406 1044 1459 1084 ab
1488 1044 1784 1097 interpolatore
1813 1043 1999 1097 profecti.
2055 1043 2164 1084 Nam

508 1116 554 1151 ut
583 1123 655 1164 pro
686 1109 829 1166 qualia
864 1107 1011 1164 ”quam
1041 1106 1154 1163 quae”
1182 1109 1469 1159 rescribamus,
1497 1123 1629 1159 nemo,
1660 1110 1794 1159 credo,
1822 1109 2025 1151 suadebit.
2084 1109 2164 1150 Ce-

506 1183 639 1217 terum
679 1190 819 1217 versus
862 1189 935 1229 per
977 1189 1021 1217 se
1063 1176 1176 1229 ipsos
1205 1176 1334 1217 Statii
1365 1181 1454 1217 arte
1484 1182 1527 1217 et
1554 1176 1715 1230 ingenio
1745 1189 1826 1217 non
1853 1176 2042 1228 indignos
2072 1189 2162 1216 esse

506 1242 810 1283 concedendum
840 1247 917 1283 est.

613 1365 652 1393 v.
685 1352 777 1394 184.

765 1431 859 1471 Non
888 1432 1050 1484 fugeret
1079 1430 1191 1470 diras
1220 1431 1292 1469 lux
1319 1428 1517 1470 intercisa
1543 1430 1742 1482 Mycenas

767 1508 892 1549 Saeva
919 1522 995 1549 nec
1023 1508 1135 1548 Eleae
1165 1511 1376 1561 gemerent
1405 1505 1632 1547 certamina
1659 1505 1790 1546 valles

765 1585 1096 1639 Eumenidesque
1126 1583 1219 1625 aliis
1249 1583 1341 1624 aiiae
1370 1583 1446 1624 sub
1475 1581 1640 1636 regibus
1670 1586 1713 1623 et
1742 1595 1831 1636 quae

766 1662 829 1703 Tu
859 1662 1006 1715 potior,
1037 1661 1246 1709 Thebane,
1276 1659 1403 1714 queri.

502 1749 659 1789 Versus
692 1748 771 1790 185
801 1755 844 1790 et
875 1750 954 1791 186
985 1750 1033 1791 O.
1064 1750 1289 1790 Miiellerus
1320 1762 1443 1802 quum
1473 1749 1584 1789 nullo
1601 1749 1719 1789 modo
1733 1749 1843 1789 inter
1857 1762 1946 1790 sese
1963 1749 2162 1791 cohaerere

503 1815 677 1865 videret,
722 1816 960 1857 mutilatum
1004 1817 1071 1857 hic
1102 1821 1264 1857 textum
1295 1829 1384 1856 esse
1414 1815 1577 1856 statuit.
1635 1815 1790 1857 Dubito
1820 1820 1973 1865 tamen,
2004 1829 2056 1857 an
2085 1816 2164 1857 hac

503 1882 725 1934 desperata
753 1882 913 1924 ratione
943 1896 1045 1936 opus
1075 1895 1154 1923 non
1185 1882 1254 1930 sit,
1283 1881 1318 1922 si
1348 1894 1478 1934 parva
1505 1880 1734 1922 mutatione
1763 1881 1825 1922 ita
1851 1881 2098 1923 scribamus:

765 1959 888 1999 Saeva
916 1973 991 1999 nec
1019 1960 1130 1999 Eleae
1159 1964 1368 2012 gemerent
1398 1959 1624 1999 certamina
1650 1958 1773 1999 vallis

765 2035 1094 2089 Eumenidesque
1124 2035 1216 2076 aliis
1246 2033 1354 2075 alias
1383 2035 1459 2076 sub
1488 2034 1664 2088 regibus.

502 2144 779 2186 Praecesserat
809 2144 868 2200 (v.
902 2144 1024 2201 181):

765 2222 908 2275 Atque
937 2222 1095 2262 utinam
1124 2221 1189 2262 his
1220 2221 1407 2263 manibus
1436 2222 1672 2275 permittere
1702 2228 1857 2276 gentes,

767 2299 963 2352 Juppiter
991 2312 1118 2352 aeque,
1147 2300 1264 2349 velis,
1296 2313 1398 2352 quas
1426 2300 1599 2341 Doricus
1628 2300 1774 2353 alligat
1803 2301 1921 2341 undis

768 2376 949 2416 Isthmos
979 2382 1022 2416 et
1052 2377 1214 2417 alterna
1241 2390 1345 2429 quas
1374 2378 1558 2430 margine
1588 2378 1805 2419 submovet
1832 2379 1953 2419 infra.

503 2459 551 2494 ut
573 2453 663 2507 jam
693 2465 775 2494 non
803 2452 948 2501 valles,
977 2453 1051 2493 sed
1079 2457 1222 2507 gentes
1251 2465 1411 2506 gemere
1441 2454 1642 2497 dicantur.

611 2577 651 2604 v.
681 2563 777 2604 255.
2079 2563 2097 2586 ⁸

1030 2630 1144 2670 Tunc
1173 2643 1246 2671 ora
1273 2630 1459 2684 rigantur
1485 2629 1670 2672 honestis

762 2705 971 2747 Imbribus
1002 2712 1045 2746 et
1072 2711 1235 2747 teneros
1264 2707 1442 2747 lacrimae
1464 2707 1609 2760 juvere
1637 2714 1844 2762 parentes.

499 2795 769 2836 Scribendum
801 2796 985 2836 videtur:

1025 2867 1068 2903 et
1092 2876 1262 2917 qeneros
1289 2861 1465 2903 lacrimae
1487 2862 1633 2916 juvere
1658 2871 1864 2920 paventes.

499 2936 700 2979 Paventes
728 2937 930 2980 lacrimas
958 2937 1072 2987 dicit,
1102 2944 1149 2980 ut
1180 2939 1217 2988 l,
1245 2939 1328 2980 538
1355 2946 1536 2981 verentes
1564 2939 1714 2982 oculos.

607 3060 646 3089 v.
674 3048 769 3090 316.

758 3117 874 3157 Tunc
904 3128 1007 3169 quos
1037 3117 1236 3157 excedens
1265 3117 1431 3165 hilares,
1462 3116 1553 3169 quis
1582 3116 1718 3157 cultus
1746 3116 1874 3170 iniqui

756 3193 998 3249 Praecipuus
1031 3193 1146 3234 ducis
1177 3200 1218 3235 et
1247 3196 1417 3248 profugo
1449 3208 1549 3249 quos
1578 3195 1667 3248 ipse
1697 3200 1864 3236 notarat
