<?xml version="1.0" encoding="UTF-8"?>
<!DOCTYPE html PUBLIC "-//W3C//DTD XHTML 1.0 Transitional//EN"
    "http://www.w3.org/TR/xhtml1/DTD/xhtml1-transitional.dtd">
<html xmlns="http://www.w3.org/1999/xhtml" xml:lang="en" lang="en">
 <head>
  <title>
</title>
<meta http-equiv="Content-Type" content="text/html;charset=utf-8" />
  <meta name='ocr-system' content='tesseract 3.04.00' />
  <meta name='ocr-capabilities' content='ocr_page ocr_carea ocr_par ocr_line ocrx_word'/>
</head>
<body>
  <div class='ocr_page' id='page_1' title='image "4770924_0030.png"; bbox 0 0 2470 3760; ppageno 0'>
   <div class='ocr_carea' id='block_1_1' title="bbox 507 386 1506 425">
    <p class='ocr_par' dir='ltr' id='par_1_1' title="bbox 507 386 1506 425">
     <span class='ocr_line' id='line_1_1' title="bbox 507 386 1506 425; baseline -0.001 -2"><span class='ocrx_word' id='word_1_1' title='bbox 507 387 556 423; x_wconf 86' lang='lat'><strong>12</strong></span> <span class='ocrx_word' id='word_1_2' title='bbox 1141 386 1180 425; x_wconf 84' lang='lat' dir='ltr'><strong>O.</strong></span> <span class='ocrx_word' id='word_1_3' title='bbox 1212 388 1253 424; x_wconf 84' lang='lat' dir='ltr'><strong>E.</strong></span> <span class='ocrx_word' id='word_1_4' title='bbox 1284 387 1506 424; x_wconf 73' lang='lat' dir='ltr'><strong>Sandstrom.</strong></span> 
     </span>
    </p>
   </div>
   <div class='ocr_carea' id='block_1_2' title="bbox 508 498 2171 1254">
    <p class='ocr_par' dir='ltr' id='par_1_2' title="bbox 508 498 2171 885">
     <span class='ocr_line' id='line_1_2' title="bbox 508 498 2167 555; baseline -0.004 -13"><span class='ocrx_word' id='word_1_5' title='bbox 508 500 648 542; x_wconf 80' lang='lat' dir='ltr'><strong>Multa</strong></span> <span class='ocrx_word' id='word_1_6' title='bbox 676 501 764 541; x_wconf 83' lang='lat' dir='ltr'><strong>haec</strong></span> <span class='ocrx_word' id='word_1_7' title='bbox 793 500 990 554; x_wconf 80' lang='lat' dir='ltr'>ingressio</span> <span class='ocrx_word' id='word_1_8' title='bbox 1028 502 1156 541; x_wconf 88' lang='lat' dir='ltr'><strong>habet</strong></span> <span class='ocrx_word' id='word_1_9' title='bbox 1190 502 1405 542; x_wconf 86' lang='lat' dir='ltr'><strong>mirabilia.</strong></span> <span class='ocrx_word' id='word_1_10' title='bbox 1464 498 1530 542; x_wconf 87' lang='lat' dir='ltr'><strong>”Si</strong></span> <span class='ocrx_word' id='word_1_11' title='bbox 1561 501 1650 555; x_wconf 90' lang='lat' dir='ltr'><strong>quis</strong></span> <span class='ocrx_word' id='word_1_12' title='bbox 1679 500 1799 541; x_wconf 83' lang='lat' dir='ltr'><strong>villas</strong></span> <span class='ocrx_word' id='word_1_13' title='bbox 1828 499 2050 540; x_wconf 84' lang='lat' dir='ltr'><strong>tiburtinas</strong></span> <span class='ocrx_word' id='word_1_14' title='bbox 2078 498 2167 537; x_wconf 90' lang='lat' dir='ltr'><strong>Vo-</strong></span> 
     </span>
     <span class='ocr_line' id='line_1_3' title="bbox 510 562 2168 619; baseline -0.002 -12"><span class='ocrx_word' id='word_1_15' title='bbox 510 567 614 619; x_wconf 86' lang='lat' dir='ltr'><strong>pisci</strong></span> <span class='ocrx_word' id='word_1_16' title='bbox 660 580 824 608; x_wconf 87' lang='lat' dir='ltr'><strong>cernere</strong></span> <span class='ocrx_word' id='word_1_17' title='bbox 867 566 1017 619; x_wconf 89' lang='lat' dir='ltr'><strong>potuit,</strong></span> <span class='ocrx_word' id='word_1_18' title='bbox 1046 567 1106 608; x_wconf 90' lang='lat' dir='ltr'><strong>illi</strong></span> <span class='ocrx_word' id='word_1_19' title='bbox 1135 581 1214 608; x_wconf 91' lang='lat' dir='ltr'><strong>non</strong></span> <span class='ocrx_word' id='word_1_20' title='bbox 1244 568 1394 609; x_wconf 89' lang='lat' dir='ltr'>Leonis</span> <span class='ocrx_word' id='word_1_21' title='bbox 1423 568 1536 608; x_wconf 92' lang='lat' dir='ltr'><strong>sidus</strong></span> <span class='ocrx_word' id='word_1_22' title='bbox 1565 568 1781 608; x_wconf 89' lang='lat' dir='ltr'><strong>molestum</strong></span> <span class='ocrx_word' id='word_1_23' title='bbox 1812 562 1924 607; x_wconf 55' lang='lat' dir='ltr'><strong>fuit?</strong></span> <span class='ocrx_word' id='word_1_24' title='bbox 1980 565 2168 605; x_wconf 89' lang='lat' dir='ltr'><strong>Tantane</strong></span> 
     </span>
     <span class='ocr_line' id='line_1_4' title="bbox 511 628 2171 686; baseline -0.002 -13"><span class='ocrx_word' id='word_1_25' title='bbox 511 633 576 673; x_wconf 86' lang='lat' dir='ltr'><strong>vis</strong></span> <span class='ocrx_word' id='word_1_26' title='bbox 622 633 665 673; x_wconf 88' lang='lat' dir='ltr'><strong>in</strong></span> <span class='ocrx_word' id='word_1_27' title='bbox 708 633 797 686; x_wconf 90' lang='lat' dir='ltr'><strong>ipso</strong></span> <span class='ocrx_word' id='word_1_28' title='bbox 842 637 1012 685; x_wconf 89' lang='lat' dir='ltr'><strong>aspectu</strong></span> <span class='ocrx_word' id='word_1_29' title='bbox 1055 633 1259 681; x_wconf 87' lang='lat' dir='ltr'><strong>villarum,</strong></span> <span class='ocrx_word' id='word_1_30' title='bbox 1295 633 1336 673; x_wconf 92' lang='lat' dir='ltr'><strong>in</strong></span> <span class='ocrx_word' id='word_1_31' title='bbox 1365 633 1457 686; x_wconf 85' lang='lat' dir='ltr'><strong>ipsa</strong></span> <span class='ocrx_word' id='word_1_32' title='bbox 1488 632 1830 686; x_wconf 82' lang='lat' dir='ltr'><strong>contemplatione</strong></span> <span class='ocrx_word' id='word_1_33' title='bbox 1860 632 2037 671; x_wconf 88' lang='lat' dir='ltr'><strong>locorum</strong></span> <span class='ocrx_word' id='word_1_34' title='bbox 2066 628 2171 669; x_wconf 87' lang='lat' dir='ltr'><strong>fuit?</strong></span> 
     </span>
     <span class='ocr_line' id='line_1_5' title="bbox 513 696 2171 750; baseline -0.003 -10"><span class='ocrx_word' id='word_1_35' title='bbox 513 698 660 740; x_wconf 73' lang='lat' dir='ltr'><strong>Potuit</strong></span> <span class='ocrx_word' id='word_1_36' title='bbox 690 705 829 739; x_wconf 90' lang='lat' dir='ltr'><strong>autem</strong></span> <span class='ocrx_word' id='word_1_37' title='bbox 861 711 931 738; x_wconf 90' lang='lat' dir='ltr'><strong>cur</strong></span> <span class='ocrx_word' id='word_1_38' title='bbox 965 699 1097 739; x_wconf 85' lang='lat' dir='ltr'><strong>dicit?</strong></span> <span class='ocrx_word' id='word_1_39' title='bbox 1167 700 1269 738; x_wconf 88' lang='lat' dir='ltr'><strong>Tam</strong></span> <span class='ocrx_word' id='word_1_40' title='bbox 1300 705 1374 738; x_wconf 91' lang='lat' dir='ltr'><strong>aut</strong></span> <span class='ocrx_word' id='word_1_41' title='bbox 1402 699 1588 738; x_wconf 90' lang='lat' dir='ltr'><strong>dominus</strong></span> <span class='ocrx_word' id='word_1_42' title='bbox 1617 698 1877 750; x_wconf 81' lang='lat' dir='ltr'><strong>inhospitalis</strong></span> <span class='ocrx_word' id='word_1_43' title='bbox 1907 702 1980 736; x_wconf 88' lang='lat' dir='ltr'><strong>aut</strong></span> <span class='ocrx_word' id='word_1_44' title='bbox 2012 696 2171 749; x_wconf 85' lang='lat' dir='ltr'><strong>lougin-</strong></span> 
     </span>
     <span class='ocr_line' id='line_1_6' title="bbox 514 760 2170 819; baseline -0.003 -13"><span class='ocrx_word' id='word_1_45' title='bbox 514 778 639 819; x_wconf 90' lang='lat' dir='ltr'><strong>quum</strong></span> <span class='ocrx_word' id='word_1_46' title='bbox 670 765 799 806; x_wconf 89' lang='lat' dir='ltr'><strong>Tibur</strong></span> <span class='ocrx_word' id='word_1_47' title='bbox 828 770 901 805; x_wconf 87' lang='lat' dir='ltr'><strong>aut</strong></span> <span class='ocrx_word' id='word_1_48' title='bbox 930 778 1050 817; x_wconf 80' lang='lat' dir='ltr'><strong>asper</strong></span> <span class='ocrx_word' id='word_1_49' title='bbox 1080 770 1121 805; x_wconf 89' lang='lat' dir='ltr'><strong>et</strong></span> <span class='ocrx_word' id='word_1_50' title='bbox 1150 763 1327 804; x_wconf 88' lang='lat' dir='ltr'><strong>difficilis</strong></span> <span class='ocrx_word' id='word_1_51' title='bbox 1356 763 1543 804; x_wconf 89' lang='lat' dir='ltr'><strong>villarum</strong></span> <span class='ocrx_word' id='word_1_52' title='bbox 1574 762 1709 803; x_wconf 86' lang='lat' dir='ltr'><strong>situs?</strong></span> <span class='ocrx_word' id='word_1_53' title='bbox 1755 762 1833 803; x_wconf 86' lang='lat' dir='ltr'><strong>His</strong></span> <span class='ocrx_word' id='word_1_54' title='bbox 1849 767 2075 803; x_wconf 90' lang='lat' dir='ltr'><strong>commotus</strong></span> <span class='ocrx_word' id='word_1_55' title='bbox 2091 760 2170 802; x_wconf 83' lang='lat' dir='ltr'><strong>fuit</strong></span> 
     </span>
     <span class='ocr_line' id='line_1_7' title="bbox 515 828 1888 885; baseline -0.004 -12"><span class='ocrx_word' id='word_1_56' title='bbox 515 845 639 885; x_wconf 91' lang='lat' dir='ltr'><strong>quum</strong></span> <span class='ocrx_word' id='word_1_57' title='bbox 670 832 733 872; x_wconf 89' lang='lat' dir='ltr'><strong>ita</strong></span> <span class='ocrx_word' id='word_1_58' title='bbox 761 831 1017 872; x_wconf 88' lang='lat' dir='ltr'><strong>scribendum</strong></span> <span class='ocrx_word' id='word_1_59' title='bbox 1049 836 1250 883; x_wconf 88' lang='lat' dir='ltr'><strong>putarem,</strong></span> <span class='ocrx_word' id='word_1_60' title='bbox 1280 835 1486 881; x_wconf 85' lang='lat' dir='ltr'><strong>praeeunte</strong></span> <span class='ocrx_word' id='word_1_61' title='bbox 1517 829 1665 881; x_wconf 89' lang='lat' dir='ltr'><strong>partim</strong></span> <span class='ocrx_word' id='word_1_62' title='bbox 1695 828 1888 869; x_wconf 79' lang='lat' dir='ltr'><strong>Bar-thio:</strong></span> 
     </span>
    </p>

    <p class='ocr_par' dir='ltr' id='par_1_3' title="bbox 778 904 1707 958">
     <span class='ocr_line' id='line_1_8' title="bbox 778 904 1707 958; baseline -0.004 -10"><span class='ocrx_word' id='word_1_63' title='bbox 778 907 953 948; x_wconf 86' lang='lat' dir='ltr'><strong>Cernere</strong></span> <span class='ocrx_word' id='word_1_64' title='bbox 983 906 1147 947; x_wconf 80' lang='lat' dir='ltr'><strong>facundi</strong></span> <span class='ocrx_word' id='word_1_65' title='bbox 1177 906 1306 945; x_wconf 89' lang='lat' dir='ltr'><strong>Tibur</strong></span> <span class='ocrx_word' id='word_1_66' title='bbox 1334 905 1507 958; x_wconf 90' lang='lat' dir='ltr'><strong>glaciale</strong></span> <span class='ocrx_word' id='word_1_67' title='bbox 1536 904 1707 956; x_wconf 89' lang='lat' dir='ltr'><strong>Vopisci</strong></span> 
     </span>
    </p>

    <p class='ocr_par' dir='ltr' id='par_1_4' title="bbox 777 981 1789 1037">
     <span class='ocr_line' id='line_1_9' title="bbox 777 981 1789 1037; baseline -0.002 -14"><span class='ocrx_word' id='word_1_68' title='bbox 777 983 935 1037; x_wconf 77' lang='lat' dir='ltr'><strong>Ecquis</strong></span> <span class='ocrx_word' id='word_1_69' title='bbox 965 989 1006 1023; x_wconf 92' lang='lat' dir='ltr'><strong>et</strong></span> <span class='ocrx_word' id='word_1_70' title='bbox 1034 983 1187 1022; x_wconf 89' lang='lat' dir='ltr'><strong>inserto</strong></span> <span class='ocrx_word' id='word_1_71' title='bbox 1217 982 1397 1034; x_wconf 87' lang='lat' dir='ltr'><strong>geminos</strong></span> <span class='ocrx_word' id='word_1_72' title='bbox 1427 981 1587 1022; x_wconf 89' lang='lat' dir='ltr'><strong>Aniene</strong></span> <span class='ocrx_word' id='word_1_73' title='bbox 1617 986 1789 1034; x_wconf 88' lang='lat' dir='ltr'><strong>penates</strong></span> 
     </span>
    </p>

    <p class='ocr_par' dir='ltr' id='par_1_5' title="bbox 776 1058 1750 1115">
     <span class='ocr_line' id='line_1_10' title="bbox 776 1058 1750 1115; baseline -0.002 -15"><span class='ocrx_word' id='word_1_74' title='bbox 776 1060 866 1100; x_wconf 93' lang='lat' dir='ltr'><strong>Aut</strong></span> <span class='ocrx_word' id='word_1_75' title='bbox 887 1060 1012 1115; x_wconf 71' lang='lat' dir='ltr'><strong>petiit</strong></span> <span class='ocrx_word' id='word_1_76' title='bbox 1041 1059 1158 1100; x_wconf 88' lang='lat' dir='ltr'><strong>sociae</strong></span> <span class='ocrx_word' id='word_1_77' title='bbox 1189 1059 1429 1099; x_wconf 87' lang='lat' dir='ltr'><strong>commercia</strong></span> <span class='ocrx_word' id='word_1_78' title='bbox 1459 1072 1624 1100; x_wconf 90' lang='lat' dir='ltr'><strong>noscere</strong></span> <span class='ocrx_word' id='word_1_79' title='bbox 1652 1058 1750 1110; x_wconf 86' lang='lat' dir='ltr'><strong>ripae</strong></span> 
     </span>
    </p>

    <p class='ocr_par' dir='ltr' id='par_1_6' title="bbox 779 1133 1847 1189">
     <span class='ocr_line' id='line_1_11' title="bbox 779 1133 1847 1189; baseline -0.003 -11"><span class='ocrx_word' id='word_1_80' title='bbox 779 1137 1075 1189; x_wconf 81' lang='lat' dir='ltr'><strong>Certantesque</strong></span> <span class='ocrx_word' id='word_1_81' title='bbox 1106 1135 1183 1176; x_wconf 89' lang='lat' dir='ltr'><strong>sibi</strong></span> <span class='ocrx_word' id='word_1_82' title='bbox 1214 1135 1420 1177; x_wconf 84' lang='lat' dir='ltr'><strong>dominum</strong></span> <span class='ocrx_word' id='word_1_83' title='bbox 1451 1136 1668 1177; x_wconf 87' lang='lat' dir='ltr'><strong>defendere</strong></span> <span class='ocrx_word' id='word_1_84' title='bbox 1698 1133 1847 1176; x_wconf 85' lang='lat' dir='ltr'><strong>villas?</strong></span> 
     </span>
    </p>

    <p class='ocr_par' dir='ltr' id='par_1_7' title="bbox 774 1214 1021 1254">
     <span class='ocr_line' id='line_1_12' title="bbox 774 1214 1021 1254; baseline -0.004 0"><span class='ocrx_word' id='word_1_85' title='bbox 774 1214 894 1254; x_wconf 90' lang='lat' dir='ltr'><strong>Illum</strong></span> <span class='ocrx_word' id='word_1_86' title='bbox 925 1218 1021 1253; x_wconf 91' lang='lat' dir='ltr'><strong>cett.</strong></span> 
     </span>
    </p>
   </div>
   <div class='ocr_carea' id='block_1_3' title="bbox 517 1290 2174 1409">
    <p class='ocr_par' dir='ltr' id='par_1_8' title="bbox 517 1290 2174 1409">
     <span class='ocr_line' id='line_1_13' title="bbox 625 1290 2173 1344; baseline -0.003 -11"><span class='ocrx_word' id='word_1_87' title='bbox 625 1292 695 1334; x_wconf 88' lang='lat' dir='ltr'><strong>Sic</strong></span> <span class='ocrx_word' id='word_1_88' title='bbox 738 1290 862 1332; x_wconf 81' lang='lat' dir='ltr'><strong>illum</strong></span> <span class='ocrx_word' id='word_1_89' title='bbox 905 1290 1111 1331; x_wconf 90' lang='lat' dir='ltr'><strong>dominum</strong></span> <span class='ocrx_word' id='word_1_90' title='bbox 1141 1291 1276 1343; x_wconf 90' lang='lat' dir='ltr'><strong>ipsum</strong></span> <span class='ocrx_word' id='word_1_91' title='bbox 1307 1291 1475 1339; x_wconf 89' lang='lat' dir='ltr'><strong>diceret,</strong></span> <span class='ocrx_word' id='word_1_92' title='bbox 1504 1292 1544 1332; x_wconf 92' lang='lat' dir='ltr'><strong>in</strong></span> <span class='ocrx_word' id='word_1_93' title='bbox 1576 1303 1693 1344; x_wconf 87' lang='lat' dir='ltr'><strong>quem</strong></span> <span class='ocrx_word' id='word_1_94' title='bbox 1724 1302 1786 1338; x_wconf 86' lang='lat' dir='ltr'><strong>ea,</strong></span> <span class='ocrx_word' id='word_1_95' title='bbox 1817 1302 1905 1342; x_wconf 87' lang='lat' dir='ltr'><strong>quae</strong></span> <span class='ocrx_word' id='word_1_96' title='bbox 1936 1293 2173 1342; x_wconf 88' lang='lat' dir='ltr'><strong>sequuntur,</strong></span> 
     </span>
     <span class='ocr_line' id='line_1_14' title="bbox 517 1353 2174 1409; baseline -0.003 -11"><span class='ocrx_word' id='word_1_97' title='bbox 517 1359 645 1399; x_wconf 89' lang='lat' dir='ltr'><strong>multo</strong></span> <span class='ocrx_word' id='word_1_98' title='bbox 689 1370 786 1397; x_wconf 89' lang='lat' dir='ltr'><strong>sane</strong></span> <span class='ocrx_word' id='word_1_99' title='bbox 816 1356 961 1397; x_wconf 87' lang='lat' dir='ltr'><strong>melius</strong></span> <span class='ocrx_word' id='word_1_100' title='bbox 992 1369 1114 1409; x_wconf 89' lang='lat' dir='ltr'><strong>quam</strong></span> <span class='ocrx_word' id='word_1_101' title='bbox 1144 1357 1186 1396; x_wconf 90' lang='lat' dir='ltr'><strong>in</strong></span> <span class='ocrx_word' id='word_1_102' title='bbox 1216 1357 1420 1409; x_wconf 85' lang='lat' dir='ltr'><strong>hospitem</strong></span> <span class='ocrx_word' id='word_1_103' title='bbox 1452 1357 1707 1397; x_wconf 90' lang='lat' dir='ltr'><strong>conveniunt.</strong></span> <span class='ocrx_word' id='word_1_104' title='bbox 1768 1355 2067 1396; x_wconf 88' lang='lat' dir='ltr'><strong>Commendant</strong></span> <span class='ocrx_word' id='word_1_105' title='bbox 2095 1353 2174 1394; x_wconf 89' lang='lat' dir='ltr'><strong>ali-</strong></span> 
     </span>
    </p>
   </div>
   <div class='ocr_carea' id='block_1_4' title="bbox 516 1419 2174 1542">
    <p class='ocr_par' dir='ltr' id='par_1_9' title="bbox 516 1419 2174 1542">
     <span class='ocr_line' id='line_1_15' title="bbox 516 1419 2174 1477; baseline -0.002 -14"><span class='ocrx_word' id='word_1_106' title='bbox 516 1429 718 1477; x_wconf 85' lang='lat' dir='ltr'><strong>quatenus</strong></span> <span class='ocrx_word' id='word_1_107' title='bbox 747 1424 853 1463; x_wconf 90' lang='lat' dir='ltr'><strong>hanc</strong></span> <span class='ocrx_word' id='word_1_108' title='bbox 882 1422 1173 1474; x_wconf 87' lang='lat' dir='ltr'><strong>conjecturam,</strong></span> <span class='ocrx_word' id='word_1_109' title='bbox 1205 1435 1293 1475; x_wconf 84' lang='lat' dir='ltr'><strong>quae</strong></span> <span class='ocrx_word' id='word_1_110' title='bbox 1332 1423 1408 1462; x_wconf 91' lang='lat' dir='ltr'><strong>sub</strong></span> <span class='ocrx_word' id='word_1_111' title='bbox 1438 1423 1558 1474; x_wconf 87' lang='lat' dir='ltr'><strong>hujus</strong></span> <span class='ocrx_word' id='word_1_112' title='bbox 1586 1422 1714 1474; x_wconf 88' lang='lat' dir='ltr'><strong>ipsius</strong></span> <span class='ocrx_word' id='word_1_113' title='bbox 1744 1420 1935 1461; x_wconf 86' lang='lat' dir='ltr'><strong>carminis</strong></span> <span class='ocrx_word' id='word_1_114' title='bbox 1963 1421 2083 1460; x_wconf 88' lang='lat' dir='ltr'><strong>finem</strong></span> <span class='ocrx_word' id='word_1_115' title='bbox 2113 1419 2174 1460; x_wconf 88' lang='lat' dir='ltr'><strong>le-</strong></span> 
     </span>
     <span class='ocr_line' id='line_1_16' title="bbox 518 1494 688 1542; baseline 0 -13"><span class='ocrx_word' id='word_1_116' title='bbox 518 1494 688 1542; x_wconf 88' lang='lat' dir='ltr'><strong>guntur:</strong></span> 
     </span>
    </p>
   </div>
   <div class='ocr_carea' id='block_1_5' title="bbox 777 1552 1931 1840">
    <p class='ocr_par' dir='ltr' id='par_1_10' title="bbox 777 1552 1931 1686">
     <span class='ocr_line' id='line_1_17' title="bbox 777 1552 1931 1607; baseline -0.002 -13"><span class='ocrx_word' id='word_1_117' title='bbox 777 1554 879 1594; x_wconf 83' lang='lat' dir='ltr'><strong>Haec</strong></span> <span class='ocrx_word' id='word_1_118' title='bbox 908 1566 981 1606; x_wconf 92' lang='lat' dir='ltr'><strong>per</strong></span> <span class='ocrx_word' id='word_1_119' title='bbox 1011 1560 1054 1594; x_wconf 87' lang='lat' dir='ltr'><strong>et</strong></span> <span class='ocrx_word' id='word_1_120' title='bbox 1082 1554 1237 1607; x_wconf 84' lang='lat' dir='ltr'><strong>AEgeas</strong></span> <span class='ocrx_word' id='word_1_121' title='bbox 1265 1554 1419 1595; x_wconf 86' lang='lat' dir='ltr'><strong>hiemes</strong></span> <span class='ocrx_word' id='word_1_122' title='bbox 1448 1554 1718 1607; x_wconf 84' lang='lat' dir='ltr'><strong>Pliadumque</strong></span> <span class='ocrx_word' id='word_1_123' title='bbox 1748 1552 1931 1593; x_wconf 88' lang='lat' dir='ltr'><strong>nivosum</strong></span> 
     </span>
     <span class='ocr_line' id='line_1_18' title="bbox 777 1630 1827 1686; baseline -0.002 -13"><span class='ocrx_word' id='word_1_124' title='bbox 777 1630 903 1673; x_wconf 92' lang='lat' dir='ltr'><strong>Sidus</strong></span> <span class='ocrx_word' id='word_1_125' title='bbox 933 1636 977 1672; x_wconf 91' lang='lat' dir='ltr'><strong>et</strong></span> <span class='ocrx_word' id='word_1_126' title='bbox 1005 1630 1163 1673; x_wconf 88' lang='lat' dir='ltr'><strong>Oleniis</strong></span> <span class='ocrx_word' id='word_1_127' title='bbox 1193 1632 1358 1686; x_wconf 88' lang='lat' dir='ltr'><strong>dignum</strong></span> <span class='ocrx_word' id='word_1_128' title='bbox 1389 1631 1556 1685; x_wconf 88' lang='lat' dir='ltr'><strong>petiisse</strong></span> <span class='ocrx_word' id='word_1_129' title='bbox 1585 1632 1660 1673; x_wconf 89' lang='lat' dir='ltr'><strong>sub</strong></span> <span class='ocrx_word' id='word_1_130' title='bbox 1691 1630 1827 1679; x_wconf 88' lang='lat' dir='ltr'><strong>astris,</strong></span> 
     </span>
    </p>

    <p class='ocr_par' dir='ltr' id='par_1_11' title="bbox 778 1708 1893 1840">
     <span class='ocr_line' id='line_1_19' title="bbox 778 1708 1893 1765; baseline -0.002 -14"><span class='ocrx_word' id='word_1_131' title='bbox 778 1708 824 1751; x_wconf 86' lang='lat' dir='ltr'><strong>Si</strong></span> <span class='ocrx_word' id='word_1_132' title='bbox 853 1708 1002 1751; x_wconf 83' lang='lat' dir='ltr'><strong>Maleae</strong></span> <span class='ocrx_word' id='word_1_133' title='bbox 1033 1710 1238 1752; x_wconf 89' lang='lat' dir='ltr'><strong>credenda</strong></span> <span class='ocrx_word' id='word_1_134' title='bbox 1266 1710 1369 1751; x_wconf 90' lang='lat' dir='ltr'><strong>ratis</strong></span> <span class='ocrx_word' id='word_1_135' title='bbox 1399 1710 1638 1765; x_wconf 87' lang='lat' dir='ltr'><strong>Siculosque</strong></span> <span class='ocrx_word' id='word_1_136' title='bbox 1667 1723 1740 1763; x_wconf 91' lang='lat' dir='ltr'><strong>per</strong></span> <span class='ocrx_word' id='word_1_137' title='bbox 1768 1712 1893 1750; x_wconf 88' lang='lat' dir='ltr'><strong>aestus</strong></span> 
     </span>
     <span class='ocr_line' id='line_1_20' title="bbox 779 1785 1834 1840; baseline -0.002 -12"><span class='ocrx_word' id='word_1_138' title='bbox 779 1786 848 1828; x_wconf 89' lang='lat' dir='ltr'><strong>Sit</strong></span> <span class='ocrx_word' id='word_1_139' title='bbox 876 1786 957 1827; x_wconf 90' lang='lat' dir='ltr'><strong>via.</strong></span> <span class='ocrx_word' id='word_1_140' title='bbox 1016 1787 1100 1828; x_wconf 81' lang='lat' dir='ltr'><strong>Cur</strong></span> <span class='ocrx_word' id='word_1_141' title='bbox 1129 1788 1256 1829; x_wconf 91' lang='lat' dir='ltr'><strong>oculis</strong></span> <span class='ocrx_word' id='word_1_142' title='bbox 1287 1789 1425 1829; x_wconf 89' lang='lat' dir='ltr'><strong>sordet</strong></span> <span class='ocrx_word' id='word_1_143' title='bbox 1453 1788 1587 1828; x_wconf 86' lang='lat' dir='ltr'><strong>vicina</strong></span> <span class='ocrx_word' id='word_1_144' title='bbox 1615 1785 1834 1840; x_wconf 84' lang='lat' dir='ltr'><strong>voluptas?</strong></span> 
     </span>
    </p>
   </div>
   <div class='ocr_carea' id='block_1_6' title="bbox 517 1875 2180 2329">
    <p class='ocr_par' dir='ltr' id='par_1_12' title="bbox 517 1875 2180 2329">
     <span class='ocr_line' id='line_1_21' title="bbox 517 1875 2174 1923; baseline -0.002 -5"><span class='ocrx_word' id='word_1_145' title='bbox 517 1878 674 1919; x_wconf 87' lang='lat' dir='ltr'><strong>Verum</strong></span> <span class='ocrx_word' id='word_1_146' title='bbox 719 1876 856 1917; x_wconf 90' lang='lat' dir='ltr'><strong>obruit</strong></span> <span class='ocrx_word' id='word_1_147' title='bbox 900 1876 1038 1917; x_wconf 90' lang='lat' dir='ltr'><strong>omnia</strong></span> <span class='ocrx_word' id='word_1_148' title='bbox 1080 1878 1294 1918; x_wconf 90' lang='lat' dir='ltr'><strong>verborum</strong></span> <span class='ocrx_word' id='word_1_149' title='bbox 1326 1877 1537 1918; x_wconf 90' lang='lat' dir='ltr'><strong>collocatio</strong></span> <span class='ocrx_word' id='word_1_150' title='bbox 1567 1877 1669 1917; x_wconf 88' lang='lat' dir='ltr'><strong>satis</strong></span> <span class='ocrx_word' id='word_1_151' title='bbox 1697 1875 1880 1917; x_wconf 86' lang='lat' dir='ltr'><strong>insuavis</strong></span> <span class='ocrx_word' id='word_1_152' title='bbox 1910 1888 1959 1916; x_wconf 88' lang='lat' dir='ltr'><strong>ac</strong></span> <span class='ocrx_word' id='word_1_153' title='bbox 1987 1875 2174 1923; x_wconf 88' lang='lat' dir='ltr'><strong>molesta,</strong></span> 
     </span>
     <span class='ocr_line' id='line_1_22' title="bbox 519 1941 2177 1997; baseline -0.002 -11"><span class='ocrx_word' id='word_1_154' title='bbox 519 1949 567 1986; x_wconf 90' lang='lat' dir='ltr'><strong>ut</strong></span> <span class='ocrx_word' id='word_1_155' title='bbox 609 1944 780 1984; x_wconf 88' lang='lat' dir='ltr'><strong>ferenda</strong></span> <span class='ocrx_word' id='word_1_156' title='bbox 808 1943 946 1996; x_wconf 87' lang='lat' dir='ltr'><strong>potius</strong></span> <span class='ocrx_word' id='word_1_157' title='bbox 974 1948 1181 1997; x_wconf 90' lang='lat' dir='ltr'><strong>utcunque</strong></span> <span class='ocrx_word' id='word_1_158' title='bbox 1218 1944 1398 1985; x_wconf 87' lang='lat' dir='ltr'><strong>codicum</strong></span> <span class='ocrx_word' id='word_1_159' title='bbox 1429 1944 1547 1985; x_wconf 88' lang='lat' dir='ltr'><strong>lectio</strong></span> <span class='ocrx_word' id='word_1_160' title='bbox 1578 1944 1777 1984; x_wconf 87' lang='lat' dir='ltr'><strong>videatur.</strong></span> <span class='ocrx_word' id='word_1_161' title='bbox 1806 1967 1860 1973; x_wconf 91' lang='lat'><em>-</em></span> <span class='ocrx_word' id='word_1_162' title='bbox 1887 1943 1983 1983; x_wconf 88' lang='lat' dir='ltr'><strong>Jam</strong></span> <span class='ocrx_word' id='word_1_163' title='bbox 2018 1941 2177 1982; x_wconf 77' lang='lat' dir='ltr'><strong>Pisoeus</strong></span> 
     </span>
     <span class='ocr_line' id='line_1_23' title="bbox 520 2009 2175 2064; baseline -0.001 -13"><span class='ocrx_word' id='word_1_164' title='bbox 520 2025 667 2058; x_wconf 75' lang='lat' dir='ltr'><strong>annus,</strong></span> <span class='ocrx_word' id='word_1_165' title='bbox 697 2014 744 2050; x_wconf 86' lang='lat' dir='ltr'><strong>ut</strong></span> <span class='ocrx_word' id='word_1_166' title='bbox 771 2009 883 2050; x_wconf 90' lang='lat' dir='ltr'><strong>haud</strong></span> <span class='ocrx_word' id='word_1_167' title='bbox 912 2009 1164 2050; x_wconf 90' lang='lat' dir='ltr'><strong>incommode</strong></span> <span class='ocrx_word' id='word_1_168' title='bbox 1194 2023 1266 2062; x_wconf 90' lang='lat' dir='ltr'><strong>pro</strong></span> <span class='ocrx_word' id='word_1_169' title='bbox 1287 2010 1550 2063; x_wconf 89' lang='lat' dir='ltr'><strong>quadriennio</strong></span> <span class='ocrx_word' id='word_1_170' title='bbox 1569 2015 1642 2050; x_wconf 89' lang='lat' dir='ltr'><strong>aut</strong></span> <span class='ocrx_word' id='word_1_171' title='bbox 1657 2009 1927 2064; x_wconf 89' lang='lat' dir='ltr'><strong>quinquennio</strong></span> <span class='ocrx_word' id='word_1_172' title='bbox 1944 2014 2175 2061; x_wconf 88' lang='lat' dir='ltr'><strong>poneretur,</strong></span> 
     </span>
     <span class='ocr_line' id='line_1_24' title="bbox 520 2066 2176 2130; baseline -0.001 -12"><span class='ocrx_word' id='word_1_173' title='bbox 520 2078 583 2118; x_wconf 86' lang='lat' dir='ltr'><strong>ita</strong></span> <span class='ocrx_word' id='word_1_174' title='bbox 611 2089 684 2130; x_wconf 91' lang='lat' dir='ltr'><strong>pro</strong></span> <span class='ocrx_word' id='word_1_175' title='bbox 715 2066 1020 2116; x_wconf 57' lang='lat' dir='ltr'><strong>ferventissima</strong></span> <span class='ocrx_word' id='word_1_176' title='bbox 1050 2081 1167 2128; x_wconf 87' lang='lat' dir='ltr'><strong>parte</strong></span> <span class='ocrx_word' id='word_1_177' title='bbox 1196 2076 1355 2117; x_wconf 72' lang='lat' dir='ltr'><strong>aestatis</strong></span> <span class='ocrx_word' id='word_1_178' title='bbox 1385 2077 1553 2117; x_wconf 89' lang='lat' dir='ltr'><strong>obscure</strong></span> <span class='ocrx_word' id='word_1_179' title='bbox 1583 2076 1853 2129; x_wconf 87' lang='lat' dir='ltr'><strong>affectateque</strong></span> <span class='ocrx_word' id='word_1_180' title='bbox 1870 2074 2031 2124; x_wconf 89' lang='lat' dir='ltr'><strong>dicitur,</strong></span> <span class='ocrx_word' id='word_1_181' title='bbox 2047 2089 2176 2129; x_wconf 90' lang='lat' dir='ltr'><strong>neque</strong></span> 
     </span>
     <span class='ocr_line' id='line_1_25' title="bbox 521 2141 2177 2195; baseline -0.001 -11"><span class='ocrx_word' id='word_1_182' title='bbox 521 2143 649 2184; x_wconf 90' lang='lat' dir='ltr'><strong>ullum</strong></span> <span class='ocrx_word' id='word_1_183' title='bbox 687 2141 754 2182; x_wconf 90' lang='lat' dir='ltr'><strong>hic</strong></span> <span class='ocrx_word' id='word_1_184' title='bbox 783 2154 881 2182; x_wconf 89' lang='lat' dir='ltr'><strong>usus</strong></span> <span class='ocrx_word' id='word_1_185' title='bbox 911 2154 990 2183; x_wconf 91' lang='lat' dir='ltr'><strong>non</strong></span> <span class='ocrx_word' id='word_1_186' title='bbox 1020 2143 1139 2183; x_wconf 91' lang='lat' dir='ltr'><strong>modo</strong></span> <span class='ocrx_word' id='word_1_187' title='bbox 1170 2142 1279 2195; x_wconf 88' lang='lat' dir='ltr'><strong>apud</strong></span> <span class='ocrx_word' id='word_1_188' title='bbox 1309 2142 1473 2192; x_wconf 90' lang='lat' dir='ltr'><strong>latinos,</strong></span> <span class='ocrx_word' id='word_1_189' title='bbox 1502 2143 1572 2184; x_wconf 88' lang='lat' dir='ltr'><strong>sed</strong></span> <span class='ocrx_word' id='word_1_190' title='bbox 1602 2156 1652 2184; x_wconf 89' lang='lat' dir='ltr'><strong>ne</strong></span> <span class='ocrx_word' id='word_1_191' title='bbox 1697 2142 1805 2195; x_wconf 89' lang='lat' dir='ltr'><strong>apud</strong></span> <span class='ocrx_word' id='word_1_192' title='bbox 1835 2154 1985 2195; x_wconf 85' lang='lat' dir='ltr'><strong>graecos</strong></span> <span class='ocrx_word' id='word_1_193' title='bbox 2015 2141 2177 2195; x_wconf 91' lang='lat' dir='ltr'><strong>quidem</strong></span> 
     </span>
     <span class='ocr_line' id='line_1_26' title="bbox 521 2207 2177 2262; baseline -0.001 -12"><span class='ocrx_word' id='word_1_194' title='bbox 521 2209 742 2262; x_wconf 88' lang='lat' dir='ltr'><strong>scriptores</strong></span> <span class='ocrx_word' id='word_1_195' title='bbox 780 2208 1011 2260; x_wconf 86' lang='lat' dir='ltr'><strong>exemplum</strong></span> <span class='ocrx_word' id='word_1_196' title='bbox 1040 2208 1180 2248; x_wconf 84' lang='lat' dir='ltr'><strong>habet.</strong></span> <span class='ocrx_word' id='word_1_197' title='bbox 1224 2209 1328 2248; x_wconf 91' lang='lat' dir='ltr'><strong>Tum</strong></span> <span class='ocrx_word' id='word_1_198' title='bbox 1359 2209 1483 2249; x_wconf 85' lang='lat' dir='ltr'><strong>etiam</strong></span> <span class='ocrx_word' id='word_1_199' title='bbox 1505 2209 1632 2249; x_wconf 79' lang='lat' dir='ltr'><strong>‘casus</strong></span> <span class='ocrx_word' id='word_1_200' title='bbox 1661 2208 1833 2249; x_wconf 89' lang='lat' dir='ltr'><strong>nominis</strong></span> <span class='ocrx_word' id='word_1_201' title='bbox 1856 2207 2037 2256; x_wconf 87' lang='lat' dir='ltr'><strong>offendit,</strong></span> <span class='ocrx_word' id='word_1_202' title='bbox 2054 2220 2177 2261; x_wconf 91' lang='lat' dir='ltr'><strong>quum</strong></span> 
     </span>
     <span class='ocr_line' id='line_1_27' title="bbox 522 2273 2180 2329; baseline -0.001 -13"><span class='ocrx_word' id='word_1_203' title='bbox 522 2287 596 2329; x_wconf 86' lang='lat' dir='ltr'><strong>pro</strong></span> <span class='ocrx_word' id='word_1_204' title='bbox 624 2273 735 2315; x_wconf 86' lang='lat' dir='ltr'><strong>illius</strong></span> <span class='ocrx_word' id='word_1_205' title='bbox 764 2273 903 2314; x_wconf 83' lang='lat' dir='ltr'><strong>aetatis</strong></span> <span class='ocrx_word' id='word_1_206' title='bbox 931 2286 1042 2315; x_wconf 92' lang='lat' dir='ltr'><strong>more</strong></span> <span class='ocrx_word' id='word_1_207' title='bbox 1072 2288 1193 2323; x_wconf 80' lang='lat' dir='ltr'><strong>anno,</strong></span> <span class='ocrx_word' id='word_1_208' title='bbox 1217 2287 1296 2315; x_wconf 91' lang='lat' dir='ltr'><strong>non</strong></span> <span class='ocrx_word' id='word_1_209' title='bbox 1315 2288 1469 2315; x_wconf 78' lang='lat' dir='ltr'><strong>annum</strong></span> <span class='ocrx_word' id='word_1_210' title='bbox 1497 2275 1618 2316; x_wconf 89' lang='lat' dir='ltr'><strong>scribi</strong></span> <span class='ocrx_word' id='word_1_211' title='bbox 1647 2274 1848 2316; x_wconf 89' lang='lat' dir='ltr'><strong>debuerit.</strong></span> <span class='ocrx_word' id='word_1_212' title='bbox 1906 2273 2007 2315; x_wconf 78' lang='lat' dir='ltr'><strong>Non</strong></span> <span class='ocrx_word' id='word_1_213' title='bbox 2035 2280 2180 2316; x_wconf 61' lang='lat' dir='ltr'><strong>aenuat</strong></span> 
     </span>
    </p>
   </div>
   <div class='ocr_carea' id='block_1_7' title="bbox 521 2338 2178 2459">
    <p class='ocr_par' dir='ltr' id='par_1_13' title="bbox 521 2338 2178 2459">
     <span class='ocr_line' id='line_1_28' title="bbox 521 2338 2178 2397; baseline 0 -15"><span class='ocrx_word' id='word_1_214' title='bbox 521 2353 618 2382; x_wconf 81' lang='lat' dir='ltr'><strong>vero</strong></span> <span class='ocrx_word' id='word_1_215' title='bbox 649 2352 771 2395; x_wconf 87' lang='lat' dir='ltr'><strong>quam</strong></span> <span class='ocrx_word' id='word_1_216' title='bbox 802 2338 1054 2392; x_wconf 86' lang='lat' dir='ltr'><strong>languidum,</strong></span> <span class='ocrx_word' id='word_1_217' title='bbox 1085 2352 1207 2394; x_wconf 87' lang='lat' dir='ltr'><strong>quam</strong></span> <span class='ocrx_word' id='word_1_218' title='bbox 1237 2340 1351 2381; x_wconf 89' lang='lat' dir='ltr'><strong>nihili</strong></span> <span class='ocrx_word' id='word_1_219' title='bbox 1382 2345 1445 2383; x_wconf 91' lang='lat' dir='ltr'><strong>est</strong></span> <span class='ocrx_word' id='word_1_220' title='bbox 1472 2345 1567 2395; x_wconf 84' lang='lat' dir='ltr'><strong>post</strong></span> <span class='ocrx_word' id='word_1_221' title='bbox 1594 2340 1738 2383; x_wconf 75' lang='lat' dir='ltr'><strong>hiemis</strong></span> <span class='ocrx_word' id='word_1_222' title='bbox 1768 2345 1810 2382; x_wconf 88' lang='lat' dir='ltr'><strong>et</strong></span> <span class='ocrx_word' id='word_1_223' title='bbox 1829 2339 2047 2397; x_wconf 77' lang='lat' dir='ltr'><strong>friyorum</strong></span> <span class='ocrx_word' id='word_1_224' title='bbox 2061 2352 2178 2382; x_wconf 87' lang='lat' dir='ltr'><strong>men-</strong></span> 
     </span>
     <span class='ocr_line' id='line_1_29' title="bbox 521 2405 1314 2459; baseline -0.001 -11"><span class='ocrx_word' id='word_1_225' title='bbox 521 2406 696 2448; x_wconf 85' lang='lat' dir='ltr'><strong>tionem!</strong></span> <span class='ocrx_word' id='word_1_226' title='bbox 753 2406 949 2446; x_wconf 86' lang='lat' dir='ltr'><strong>Fortasse</strong></span> <span class='ocrx_word' id='word_1_227' title='bbox 979 2405 1174 2459; x_wconf 82' lang='lat' dir='ltr'><strong>scriptum</strong></span> <span class='ocrx_word' id='word_1_228' title='bbox 1206 2411 1314 2447; x_wconf 82' lang='lat' dir='ltr'><strong>erat:</strong></span> 
     </span>
    </p>
   </div>
   <div class='ocr_carea' id='block_1_8' title="bbox 786 2482 1894 2538">
    <p class='ocr_par' dir='ltr' id='par_1_14' title="bbox 786 2482 1894 2538">
     <span class='ocr_line' id='line_1_30' title="bbox 786 2482 1894 2538; baseline 0.003 -15"><span class='ocrx_word' id='word_1_229' title='bbox 786 2482 901 2524; x_wconf 85' lang='lat' dir='ltr'><strong>Talis</strong></span> <span class='ocrx_word' id='word_1_230' title='bbox 930 2482 1061 2524; x_wconf 86' lang='lat' dir='ltr'><strong>hiems</strong></span> <span class='ocrx_word' id='word_1_231' title='bbox 1090 2484 1233 2524; x_wconf 87' lang='lat' dir='ltr'><strong>tectis:</strong></span> <span class='ocrx_word' id='word_1_232' title='bbox 1264 2483 1322 2525; x_wconf 90' lang='lat' dir='ltr'><strong>sic</strong></span> <span class='ocrx_word' id='word_1_233' title='bbox 1351 2484 1545 2538; x_wconf 84' lang='lat' dir='ltr'><strong>frangunt</strong></span> <span class='ocrx_word' id='word_1_234' title='bbox 1572 2485 1759 2538; x_wconf 86' lang='lat' dir='ltr'><strong>improba</strong></span> <span class='ocrx_word' id='word_1_235' title='bbox 1788 2484 1894 2527; x_wconf 88' lang='lat' dir='ltr'><strong>soles</strong></span> 
     </span>
    </p>
   </div>
   <div class='ocr_carea' id='block_1_9' title="bbox 785 2558 1918 2617">
    <p class='ocr_par' dir='ltr' id='par_1_15' title="bbox 785 2558 1918 2617">
     <span class='ocr_line' id='line_1_31' title="bbox 785 2558 1918 2617; baseline 0.004 -17"><span class='ocrx_word' id='word_1_236' title='bbox 785 2558 958 2614; x_wconf 83' lang='lat' dir='ltr'><strong>Frigora</strong></span> <span class='ocrx_word' id='word_1_237' title='bbox 978 2559 1305 2617; x_wconf 82' lang='lat' dir='ltr'><strong>primoevumque</strong></span> <span class='ocrx_word' id='word_1_238' title='bbox 1333 2561 1475 2603; x_wconf 88' lang='lat' dir='ltr'><strong>domus</strong></span> <span class='ocrx_word' id='word_1_239' title='bbox 1505 2574 1583 2604; x_wconf 92' lang='lat' dir='ltr'><strong>non</strong></span> <span class='ocrx_word' id='word_1_240' title='bbox 1613 2562 1724 2604; x_wconf 68' lang='lat' dir='ltr'><strong>exuit</strong></span> <span class='ocrx_word' id='word_1_241' title='bbox 1753 2574 1918 2604; x_wconf 89' lang='lat' dir='ltr'><strong>annum.</strong></span> 
     </span>
    </p>
   </div>
   <div class='ocr_carea' id='block_1_10' title="bbox 521 2637 2179 2759">
    <p class='ocr_par' dir='ltr' id='par_1_16' title="bbox 521 2637 2179 2759">
     <span class='ocr_line' id='line_1_32' title="bbox 521 2637 2178 2692; baseline 0 -13"><span class='ocrx_word' id='word_1_242' title='bbox 521 2640 612 2680; x_wconf 88' lang='lat' dir='ltr'><strong>Hoc</strong></span> <span class='ocrx_word' id='word_1_243' title='bbox 649 2644 734 2679; x_wconf 87' lang='lat' dir='ltr'><strong>est:</strong></span> <span class='ocrx_word' id='word_1_244' title='bbox 771 2650 934 2690; x_wconf 91' lang='lat' dir='ltr'><strong>semper</strong></span> <span class='ocrx_word' id='word_1_245' title='bbox 970 2637 1055 2677; x_wconf 86' lang='lat' dir='ltr'><strong>tale</strong></span> <span class='ocrx_word' id='word_1_246' title='bbox 1085 2637 1212 2690; x_wconf 87' lang='lat' dir='ltr'><strong>frigus</strong></span> <span class='ocrx_word' id='word_1_247' title='bbox 1240 2638 1378 2686; x_wconf 86' lang='lat' dir='ltr'><strong>habet,</strong></span> <span class='ocrx_word' id='word_1_248' title='bbox 1409 2640 1527 2692; x_wconf 88' lang='lat' dir='ltr'><strong>quale</strong></span> <span class='ocrx_word' id='word_1_249' title='bbox 1556 2639 1697 2692; x_wconf 86' lang='lat' dir='ltr'><strong>primis</strong></span> <span class='ocrx_word' id='word_1_250' title='bbox 1726 2639 1935 2680; x_wconf 90' lang='lat' dir='ltr'><strong>mensibus</strong></span> <span class='ocrx_word' id='word_1_251' title='bbox 1964 2638 2060 2679; x_wconf 83' lang='lat' dir='ltr'><strong>anni</strong></span> <span class='ocrx_word' id='word_1_252' title='bbox 2090 2651 2178 2679; x_wconf 88' lang='lat' dir='ltr'><strong>esse</strong></span> 
     </span>
     <span class='ocr_line' id='line_1_33' title="bbox 522 2704 2179 2759; baseline -0.001 -13"><span class='ocrx_word' id='word_1_253' title='bbox 522 2705 640 2746; x_wconf 89' lang='lat' dir='ltr'><strong>solet.</strong></span> <span class='ocrx_word' id='word_1_254' title='bbox 685 2705 818 2747; x_wconf 87' lang='lat' dir='ltr'><strong>Credo</strong></span> <span class='ocrx_word' id='word_1_255' title='bbox 848 2708 988 2744; x_wconf 88' lang='lat' dir='ltr'><strong>autem</strong></span> <span class='ocrx_word' id='word_1_256' title='bbox 1011 2704 1259 2759; x_wconf 80' lang='lat' dir='ltr'><strong>primoevum</strong></span> <span class='ocrx_word' id='word_1_257' title='bbox 1288 2719 1440 2745; x_wconf 78' lang='lat' dir='ltr'><strong>annum</strong></span> <span class='ocrx_word' id='word_1_258' title='bbox 1468 2718 1540 2759; x_wconf 91' lang='lat' dir='ltr'><strong>pro</strong></span> <span class='ocrx_word' id='word_1_259' title='bbox 1570 2705 1789 2759; x_wconf 87' lang='lat' dir='ltr'><strong>incipiente</strong></span> <span class='ocrx_word' id='word_1_260' title='bbox 1819 2718 1925 2746; x_wconf 88' lang='lat' dir='ltr'><strong>anno</strong></span> <span class='ocrx_word' id='word_1_261' title='bbox 1954 2709 2041 2746; x_wconf 88' lang='lat' dir='ltr'><strong>tam</strong></span> <span class='ocrx_word' id='word_1_262' title='bbox 2069 2710 2179 2746; x_wconf 89' lang='lat' dir='ltr'><strong>recte</strong></span> 
     </span>
    </p>
   </div>
   <div class='ocr_carea' id='block_1_11' title="bbox 522 2766 2178 2890">
    <p class='ocr_par' dir='ltr' id='par_1_17' title="bbox 522 2766 2178 2890">
     <span class='ocr_line' id='line_1_34' title="bbox 523 2766 2178 2825; baseline 0 -14"><span class='ocrx_word' id='word_1_263' title='bbox 523 2770 603 2812; x_wconf 91' lang='lat' dir='ltr'><strong>dici</strong></span> <span class='ocrx_word' id='word_1_264' title='bbox 633 2783 755 2824; x_wconf 90' lang='lat' dir='ltr'><strong>quam</strong></span> <span class='ocrx_word' id='word_1_265' title='bbox 786 2783 859 2823; x_wconf 92' lang='lat' dir='ltr'><strong>pro</strong></span> <span class='ocrx_word' id='word_1_266' title='bbox 889 2770 1009 2810; x_wconf 92' lang='lat' dir='ltr'><strong>modo</strong></span> <span class='ocrx_word' id='word_1_267' title='bbox 1040 2774 1181 2811; x_wconf 89' lang='lat' dir='ltr'><strong>exorto</strong></span> <span class='ocrx_word' id='word_1_268' title='bbox 1210 2770 1294 2811; x_wconf 90' lang='lat' dir='ltr'><strong>sole</strong></span> <span class='ocrx_word' id='word_1_269' title='bbox 1325 2766 1527 2813; x_wconf 81' lang='lat' dir='ltr'><strong>”tenerum</strong></span> <span class='ocrx_word' id='word_1_270' title='bbox 1554 2768 1713 2824; x_wconf 84' lang='lat' dir='ltr'><strong>jubar”‚</strong></span> <span class='ocrx_word' id='word_1_271' title='bbox 1742 2776 1790 2812; x_wconf 91' lang='lat' dir='ltr'><strong>ut</strong></span> <span class='ocrx_word' id='word_1_272' title='bbox 1818 2771 1999 2825; x_wconf 91' lang='lat' dir='ltr'><strong>loquitur</strong></span> <span class='ocrx_word' id='word_1_273' title='bbox 2015 2770 2178 2812; x_wconf 87' lang='lat' dir='ltr'><strong>Statius</strong></span> 
     </span>
     <span class='ocr_line' id='line_1_35' title="bbox 522 2833 1004 2890; baseline -0.004 -12"><span class='ocrx_word' id='word_1_274' title='bbox 522 2837 610 2890; x_wconf 87' lang='lat' dir='ltr'><strong>ipse</strong></span> <span class='ocrx_word' id='word_1_275' title='bbox 641 2836 744 2878; x_wconf 87' lang='lat' dir='ltr'><strong>Silv.</strong></span> <span class='ocrx_word' id='word_1_276' title='bbox 774 2837 830 2886; x_wconf 89' lang='lat' dir='ltr'><strong>H,</strong></span> <span class='ocrx_word' id='word_1_277' title='bbox 860 2845 907 2885; x_wconf 89' lang='lat'><strong>11,</strong></span> <span class='ocrx_word' id='word_1_278' title='bbox 934 2833 1004 2877; x_wconf 80' lang='lat'><strong>46.</strong></span> 
     </span>
    </p>
   </div>
   <div class='ocr_carea' id='block_1_12' title="bbox 632 2913 1861 3047">
    <p class='ocr_par' dir='ltr' id='par_1_18' title="bbox 632 2913 1861 3047">
     <span class='ocr_line' id='line_1_36' title="bbox 632 2913 769 2955; baseline 0.015 -2"><span class='ocrx_word' id='word_1_279' title='bbox 632 2926 672 2954; x_wconf 84' lang='lat' dir='ltr'><strong>v.</strong></span> <span class='ocrx_word' id='word_1_280' title='bbox 705 2913 769 2955; x_wconf 87' lang='lat'><strong>15.</strong></span> 
     </span>
     <span class='ocr_line' id='line_1_37' title="bbox 785 2989 1861 3047; baseline 0.002 -16"><span class='ocrx_word' id='word_1_281' title='bbox 785 2990 1000 3044; x_wconf 87' lang='lat' dir='ltr'><strong>Ingenium</strong></span> <span class='ocrx_word' id='word_1_282' title='bbox 1031 3002 1155 3043; x_wconf 88' lang='lat' dir='ltr'><strong>quam</strong></span> <span class='ocrx_word' id='word_1_283' title='bbox 1185 2989 1283 3032; x_wconf 91' lang='lat' dir='ltr'><strong>mite</strong></span> <span class='ocrx_word' id='word_1_284' title='bbox 1312 2992 1418 3043; x_wconf 90' lang='lat' dir='ltr'><strong>solo;</strong></span> <span class='ocrx_word' id='word_1_285' title='bbox 1447 3004 1536 3047; x_wconf 83' lang='lat' dir='ltr'><strong>quae</strong></span> <span class='ocrx_word' id='word_1_286' title='bbox 1566 2993 1698 3035; x_wconf 86' lang='lat' dir='ltr'><strong>forma</strong></span> <span class='ocrx_word' id='word_1_287' title='bbox 1726 2992 1861 3034; x_wconf 86' lang='lat' dir='ltr'><strong>beatis</strong></span> 
     </span>
    </p>
   </div>
   <div class='ocr_carea' id='block_1_13' title="bbox 783 3066 1982 3190">
    <p class='ocr_par' dir='ltr' id='par_1_19' title="bbox 783 3066 1982 3190">
     <span class='ocr_line' id='line_1_38' title="bbox 786 3066 1982 3128; baseline 0.004 -22"><span class='ocrx_word' id='word_1_288' title='bbox 786 3066 891 3107; x_wconf 90' lang='lat' dir='ltr'><strong>Arte</strong></span> <span class='ocrx_word' id='word_1_289' title='bbox 921 3080 1068 3107; x_wconf 88' lang='lat' dir='ltr'><strong>manus</strong></span> <span class='ocrx_word' id='word_1_290' title='bbox 1097 3072 1306 3120; x_wconf 88' lang='lat' dir='ltr'><strong>artemque</strong></span> <span class='ocrx_word' id='word_1_291' title='bbox 1336 3069 1451 3110; x_wconf 89' lang='lat' dir='ltr'><strong>locis!</strong></span> <span class='ocrx_word' id='word_1_292' title='bbox 1508 3072 1600 3113; x_wconf 88' lang='lat' dir='ltr'><strong>Non</strong></span> <span class='ocrx_word' id='word_1_293' title='bbox 1630 3069 1783 3123; x_wconf 88' lang='lat' dir='ltr'><strong>largius</strong></span> <span class='ocrx_word' id='word_1_294' title='bbox 1812 3083 1982 3128; x_wconf 89' lang='lat' dir='ltr'><strong>usquam</strong></span> 
     </span>
     <span class='ocr_line' id='line_1_39' title="bbox 783 3143 1260 3190; baseline 0.004 -6"><span class='ocrx_word' id='word_1_295' title='bbox 783 3143 964 3188; x_wconf 86' lang='lat' dir='ltr'><strong>Indulsit</strong></span> <span class='ocrx_word' id='word_1_296' title='bbox 992 3148 1143 3186; x_wconf 86' lang='lat' dir='ltr'><strong>natura</strong></span> <span class='ocrx_word' id='word_1_297' title='bbox 1171 3144 1260 3190; x_wconf 76' lang='lat' dir='ltr'><strong>sibi,</strong></span> 
     </span>
    </p>
   </div>
  </div>
 </body>
</html>
